3634 5667
355 550 405 625 92
600 612 604 620 ,
722 487 1121 627 'rinnau

351 717 563 815 Caelicolae
588 729 728 805 uehett
751 726 853 804 haud
875 752 992 830 parvo
1014 725 1306 829 redimendaque
1330 749 1452 807 mater

353 854 476 930 Obsce
502 852 573 926 erit
594 823 728 953 prelio.
777 851 832 923 Ite
857 848 1014 940 alacres,
1039 848 1097 922 his
1123 847 1271 923 abditus
1294 853 1422 945 antris,

351 974 424 1048 Hic
447 972 559 1069 latet,
585 968 838 1073 adpraedam
862 967 1071 1068 disemum,
1097 969 1234 1069 cingite
1258 970 1381 1069 silvas,

350 1090 544 1194 vestigate
569 1091 690 1167 aditus
716 1114 858 1181 omnes,
883 1089 948 1163 det
969 1088 1130 1163 buccina
1160 1090 1316 1191 signum.
1476 1110 1546 1179 515
1629 1088 1630 1093 ἵ

448 1215 516 1288 His
541 1211 650 1285 dietis
676 1211 764 1285 elati
784 1210 908 1298 animi,
934 1226 972 1283 et
994 1236 1110 1284 novus
1145 1209 1291 1284 additus
1323 1212 1449 1304 ardor,

349 1334 532 1433 Vanaque
558 1358 645 1434 spes
670 1333 825 1422 miseris,
851 1330 1021 1430 coelique
1045 1348 1191 1405 arrecta
1226 1332 1373 1433 cupido.

350 1454 509 1554 Jamque
534 1453 624 1527 atris
648 1452 794 1527 facibus
818 1451 909 1525 laeti
929 1452 1168 1553 incensisque
1194 1456 1381 1555 cupressis

347 1576 422 1647 Per
445 1574 532 1673 juga
555 1572 783 1673 odorisequi,
808 1598 877 1674 per
897 1572 1012 1647 saltus
1037 1572 1201 1674 undiquc
1225 1573 1310 1666 fusi,

348 1696 567 1768 Iratrantum
590 1694 689 1769 velut
714 1693 840 1767 audito
865 1692 976 1767 turba
1001 1693 1120 1768 excita
1145 1719 1275 1787 cornu,
1473 1706 1544 1778 320

347 1815 493 1889 Erectis
518 1814 652 1915 linguis
678 1839 808 1889 caveas
832 1831 871 1887 et
894 1814 1011 1887 lustra
1034 1813 1219 1889 subibant.

450 1935 541 2008 Gum
563 1934 696 2036 procul
720 1932 882 2008 aetherei
896 1933 1054 2035 pugiles,
1079 1932 1180 2005 mille
1196 1959 1263 2005 axe
1279 1934 1498 2035 quadrigae,

347 2057 508 2129 Iroricae
533 2080 579 2128 ex
604 2080 707 2145 auro,
733 2071 839 2128 scuta
861 2080 975 2127 aerea
997 2054 1146 2153 telaque
1170 2054 1262 2145 risa,
1304 2060 1305 2063 ’

347 2179 398 2249 Et
422 2176 638 2277 chlamydes
662 2173 799 2264 variae,
823 2174 975 2275 plumae
998 2192 1036 2247 et
1058 2172 1189 2248 vexilla
1212 2200 1282 2275 per
1308 2201 1431 2268 auras,

275 2377 277 2382 ,
345 2296 569 2397 Alatumque
593 2294 726 2395 triplex
751 2293 981 2369 descendere
1006 2294 1166 2368 nubibus
1190 2319 1335 2393 agmen.
1456 2293 1541 2381 *325

344 2418 528 2493 Arrexerc
554 2434 655 2491 atros
680 2414 881 2516 stupefacti
904 2416 955 2488 ad
980 2414 1103 2489 sidera
1125 2414 1240 2487 rictus
1422 2494 1424 2501 ,

344 2540 447 2613 Luce
472 2538 668 2638 repentina
693 2534 880 2609 obstrictis
906 2535 1005 2609 haud
1028 2560 1144 2625 mora,
1167 2560 1353 2607 murmure
1377 2562 1493 2613 rauco
1545 2564 1547 2567 ·

342 2658 546 2730 Tartareae
570 2658 769 2730 insonuere
795 2656 921 2747 tubae,
955 2673 1139 2729 tremuere
1167 2636 1367 2752 capprnaej

341 2780 392 2863 Et
417 2780 632 2878 conjuratae
656 2793 844 2850 momento
866 2776 1046 2878 temporis
1072 2801 1202 2849 omncs

341 2899 547 2972 Instructae
572 2898 769 2973 horribiles
794 2913 949 2989 turmae,
977 2895 1046 2969 sub
1073 2896 1252 2996 signaque
1276 2914 1385 2997 rapta
1468 2914 1540 2981 330

283 3045 294 3085 a
340 3020 511 3117 Agmina.
544 3022 666 3093 Laeva
691 3019 791 3090 acies
816 3016 896 3105 tibi,
923 3017 1095 3114 corniger
1120 3016 1344 3117 Asmodaee,

342 3141 506 3211 Tesscra
530 3139 592 3211 oui
615 3136 705 3211 belli
729 3138 857 3237 piceus
884 3157 1018 3234 caper:
1048 3136 1133 3209 huic
1158 3137 1359 3236 Ephialtes-

344 3256 519 3357 Signifer,
547 3275 584 3330 et
608 3261 752 3331 Mortuo
777 3280 903 3329 comes
930 3253 1097 3329 additust
1129 3256 1167 3327 in
1193 3257 1319 3329 medio
1341 3256 1413 3329 dux

279 3428 290 3462 ,
341 3379 552 3479 Belphegor
576 3396 614 3453 et
640 3380 780 3477 Gorgo,
807 3393 845 3448 et
866 3374 1005 3481 Bclialt
1032 3393 1195 3451 extrema
1222 3386 1371 3451 coiircet

340 3610 378 3665 V.
397 3615 458 3666 338.
477 3614 692 3667 Tartareae.
728 3611 778 3678 111,
796 3613 849 3665 20⁰
867 3617 897 3664 et
918 3615 981 3667 sci.

341 3713 378 3768 ν.
397 3720 458 3773 aar.
477 3716 703 3771 armatarus
732 3702 931 3780 (Ἀσμοδαῑος,
968 3705 990 3764 i.
1023 3726 1051 3793 a.
1091 3699 1248 3769 ἀπολλύων
1276 3702 1378 3784 apoc.
1409 3712 1440 3777 9,
1484 3704 1539 3784 11)

325 3795 329 3801 ⁸
482 3812 607 3875 mmor,
626 3808 671 3872 qui
690 3809 796 3873 Sarum,
815 3812 1050 3879 tiliamiiagueiis,
1068 3812 1179 3880 invasit,
1199 3806 1313 3877 ejusque
1332 3814 1437 3872 septem
1458 3814 1537 3864 viros

479 3905 596 3969 priores,
614 3904 759 3963 antequam
775 3897 873 3966 juveni
890 3907 993 3981 Tobiae
1008 3908 1132 3972 cribaret,
1154 3908 1243 3955 morte
1264 3902 1367 3953 affecit.
1387 3905 1451 3953 ch.
1466 3908 1492 3971 3,
1510 3908 1536 3957 8.

341 4004 377 4057 V.
391 4007 454 4059 333.
470 4006 665 4070 Ephialtes
682 3988 745 4070 (dni
754 4030 765 4042 ·
776 3989 914 4075 ἅλλομαι,
935 3998 1061 4077 insilio)
1079 4007 1198 4069 Neptuni
1205 4006 1287 4073 iilius,
1299 4004 1344 4055 Oti
1354 4004 1453 4071 frater,
1472 4020 1541 4069 quos

481 4100 577 4149 ambos
597 4099 703 4149 coelur
716 4103 867 4155 ascendere
880 4109 1012 4156 conantes
1033 4102 1131 4164 Apollo
1158 4102 1186 4151 at
1203 4099 1293 4149 Diana
1308 4096 1419 4160 sagittis
1436 4099 1539 4147 confix-

482 4195 571 4241 erunt.
607 4189 717 4250 (Claud.
740 4193 771 4243 B.
795 4194 857 4247 (iet.
878 4197 928 4254 ts)
953 4196 1143 4259 Ephialtes
1160 4193 1275 4263 incultus
1302 4200 1409 4251 quoque
1429 4193 1540 4239 moritus

480 4279 558 4348 (alp)
572 4284 681 4353 dicitur,
697 4298 750 4350 quo
761 4287 927 4337 dormientes
935 4288 1051 4349 opprimi
1059 4290 1087 4336 et
1096 4284 1228 4337 suffocari
1234 4282 1288 4335 sibi
1297 4282 1426 4333 videntur
1436 4285 1538 4343 (Matr.

480 4378 573 4428 somn.
593 4378 667 4439 scip.
685 4379 707 4444 i,
728 4383 758 4438 3)
776 4382 801 4431 h.
822 4378 841 4430 l.
859 4380 1036 4431 Diabolorum
1050 4391 1129 4431 unus.

343 4470 805 4536 v.s34.oetpuegor.1u,ts.

515 4561 631 4612 Belial
648 4564 797 4613 scelestum
806 4578 857 4614 seu
873 4564 1042 4615 desertorem
1056 4562 1075 4613 i.
1095 4556 1264 4611 ediaboltun
1276 4561 1419 4625 significat.
1441 4561 1464 4609 ‚ii
1475 4558 1538 4613 cor.

482 4656 510 4721 c,
530 4656 572 4708 13.
609 4657 744 4708 Morino
770 4662 798 4708 et
816 4659 942 4724 Gorgo
960 4657 1024 4709 licta
1038 4654 1207 4707 diabolorum
1220 4654 1337 4705 nonina.
