3634 5667
325 582 445 657 rte
741 570 923 643 LIBE
972 572 1115 653 Rtx.

324 772 373 842 Et
396 763 494 869 pulsi
519 763 635 839 eolles
659 782 902 866 responsant-s
928 766 1045 841 audiit
1067 770 1181 848 'aeris'
1241 786 1257 821 -·

317 885 561 962 Ἠοποηᾶωιι
587 911 737 959 carmen
763 888 962 967 Teneobos
990 906 1265 991 nemorosaque
1289 888 1428 968 Hiebla

320 1014 375 1083 'Et
398 1007 503 1109 Lyde
530 1025 567 1079 et
588 1008 770 1079 Marebon
796 1023 835 1079 et
858 1009 1028 1114 prosimu
1050 1009 1211 1119 nubibus
1236 1014 1388 1089 Herme.
1460 1027 1533 1106 540

323 1133 423 1203 Ecce
449 1145 572 1202 autem
596 1127 665 1201 hos
690 1128 787 1204 inter
812 1127 965 1226 plausus
991 1116 1280 1206 Amor'inolitus
1305 1133 1407 1228 ibat,

324 1250 391 1323 Cui
416 1275 528 1350 super
552 1246 628 1323 alta
651 1250 781 1349 ingens
809 1248 973 1338 umbella
996 1250 1207 1323 holoserica
1231 1254 1345 1353 pictis

324 1370 396 1443 Ser
422 1373 541 1471 agitur
565 1368 714 1443 suffulta
737 1370 876 1459 hastis,
901 1372 1120 1472 geminique,
1139 1374 1372 1449 Hierarohae

304 1493 603 1566 ‘Thurioremum
625 1491 735 1563 lentis
761 1490 948 1564 alternant
970 1493 1130 1591 jactibus
1157 1512 1328 1571 aurum.'

321 1613 461 1685 Dextra
484 1612 553 1685 tibi
575 1612 694 1702 nodo,
721 1610 908 1701 Genitrix,
934 1612 1095 1712 implexa
1119 1616 1264 1707 tenaci,
1452 1630 1528 1707 '545

320 1732 431 1805 Haud
455 1734 588 1806 iterum
611 1732 773 1832 fugitura
781 1762 795 1829 3
820 1734 890 1806 tibi
914 1761 1045 1809 manus
1072 1734 1189 1807 altera
1213 1762 1310 1808 nexu

323 1854 539 1953 Stringitur,
566 1854 662 1928 alme
688 1879 813 1927 senex.
866 1856 1017 1957 Campi,
1044 1880 1199 1928 nemora
1224 1857 1325 1948 avia,
1350 1857 1466 1933 valles

323 1974 554 2049 Carminibus
577 1992 701 2048 ratum
724 1992 924 2050 resonantt
952 1977 984 2049 Ο
1012 1974 1191 2077 splendor
1217 1977 1385 2077 Olympi!

323 2097 356 2170 0
382 2096 443 2167 lux
467 2097 507 2170 in
530 2089 695 2169 tenebris
722 2098 866 2168 exorta!
893 2122 917 2168 o
940 2096 1093 2195 Legifer
1117 2094 1219 2167 orbis
1642 2158 1643 2223 p

320 2220 524 2315 Expectate
550 2215 632 2289 diu!
659 2242 683 2289 ο
708 2232 857 2291 nostros
882 2217 1056 2291 miserete
1081 2215 1251 2297 labores!
1425 2234 1526 2300 ·550
1642 2234 1643 2261 ³

321 2342 439 2411 Parce
464 2341 591 2446 ljater,
615 2363 729 2439 perce
756 2337 1012 2438 Omnipotens.
1063 2339 1170 2409 Mens
1196 2337 1369 2411 omnibus
1397 2357 1525 2411 oestro
1642 2394 1643 2405 ,

322 2447 611 2555 Afflaturdim,
636 2463 851 2558 Regemque
875 2458 1146 2556 Hominemque
1172 2458 1367 2558 Deumque

322 2580 606 2681 Paciferumqne
630 2598 781 2669 vocant,
809 2598 847 2652 et
872 2596 1038 2653 sanctum
1066 2580 1212 2650 Numen
1241 2578 1412 2653 adorant.

325 2703 480 2801 Quaque
503 2703 574 2773 iter
598 2717 675 2791 est,
700 2726 825 2773 ramos
850 2718 976 2774 curvat
1001 2697 1241 2776 subeuntibus
1268 2698 1397 2777 arbost

321 2826 493 2925 Desuper
512 2822 749 2922 omnigenum
775 2837 975 2893 cernuntur
999 2817 1127 2891 nubila
1151 2818 1282 2892 Divum
1449 2837 1522 2903 555

322 2942 438 3017 Plena
463 2944 598 3017 choris.
647 2941 734 3015 Alto
759 2943 869 3013 Pater
892 2942 974 3041 ipse
1000 2967 1020 3013 e
1047 2938 1206 3019 culmine
1231 2940 1361 3012 Mundi

322 3064 468 3164 Aspicit
492 3089 513 3135 e
539 3064 633 3136 solio
658 3061 837 3152 reduces,
864 3080 977 3161 utque
1002 3062 1122 3135 omnis
1149 3058 1196 3133 ab
1223 3060 1332 3137 astris

325 3184 537 3257 Coelestum
558 3182 737 3285 populns,
763 3200 890 3282 portas
917 3207 1066 3282 quoqne
1090 3200 1264 3279 tectaque
1290 3204 1431 3253 summa

260 3373 263 3378 .
322 3309 372 3379 Et
392 3331 517 3377 muros
542 3304 630 3405 pagi
655 3321 692 3376 et
715 3320 835 3375 turres
860 3303 1060 3377 insederat.
1109 3305 1194 3403 lpse
1269 3322 1272 3331 ’

321 3427 517 3503 Aetherios
540 3426 639 3497 inter
663 3424 818 3497 comites
842 3424 1110 3524 pulcherrimus
1136 3442 1266 3495 omnes
1301 3474 1302 3485 η
1448 3434 1520 3501 560

321 3553 438 3623 Hoste
462 3548 685 3649 triumphato
710 3546 872 3619 lesseius
894 3546 923 3617 it
947 3548 1042 3615 Puer
1066 3545 1183 3621 instar

324 3668 478 3754 Sideris·
492 3669 571 3764 eoi3
598 3670 745 3769 signant
768 3666 921 3765 vestigia
947 3664 1095 3737 acanthi

324 3791 511 3889 Mixtaque
534 3790 730 3888 parthenio
756 3787 887 3875 bellis,
913 3783 1169 3870 convolvolus,
1194 3780 1281 3868 iris,

309 3916 372 3984 'Et
398 3911 522 3985 eroeei
545 3909 816 4009 florescampi.
866 3908 930 3980 Sic
955 3906 1018 3978 ille
1043 3903 1209 3996 redibat5
1466 3984 1470 3991 v

322 4036 573 4134 Nazareisque
600 4033 673 4104 suis
697 4048 784 4131 post
807 4046 863 4102 tot
887 4026 1100 4107 discrimina
1126 4023 1247 4095 lucem
1447 4032 1518 4101 565

322 4160 578 4255 Auroramque
603 4154 719 4226 redux
742 4167 910 4224 materna
934 4150 973 4246 in
997 4162 1097 4219 tecta
1122 4142 1278 4227 ferebat.

323 4370 359 4422 V.
379 4371 431 4423 999
450 4373 479 4420 et
495 4370 556 4421 ote.
574 4365 707 4418 Nomina:
736 4364 892 4428 Temenos,
917 4358 1030 4425 Hiebln‚'
1055 4358 1150 4424 Lyde,
1174 4354 1307 4404 Marcion
1324 4354 1353 4401 at
1370 4350 1475 4401 Estne
1489 4346 1519 4397 in

463 4460 551 4513 literis
568 4473 606 4508 ss.
624 4470 678 4509 non
694 4455 877 4517 reperiuntur.

325 4558 362 4608 V.
380 4557 441 4609 949.
459 4554 481 4606 0
500 4554 560 4602 lux
576 4548 791 4600 intenebris
811 4547 940 4595 exorta
955 4556 1030 4606 seqq.¹
1051 4536 1280 4603 Conferlsam,
1299 4536 1315 4587 1
1337 4558 1366 4573 ·-·
1386 4533 1413 4584 t.
1432 4544 1458 4581 e.
1474 4530 1518 4582 11.

462 4658 487 4696 o.
505 4646 540 4695 69
561 4671 589 4681 -
609 4643 654 4695 92.
674 4642 758 4690 Amos
775 4638 803 4703 9,
822 4639 855 4689 11
873 4650 950 4699 seqq.
969 4638 1049 4687 Mioh.
1068 4637 1094 4685 4.
1113 4634 1232 4695 sophon.
1251 4633 1279 4696 3,
1295 4628 1312 4679 9
1330 4638 1390 4688 sqq.

693 4763 697 4767 ’
742 4758 1088 4801 &ew—-
