3634 5667
683 530 928 604 LIBER
977 532 1072 603 VIII.

403 733 480 801 Has
504 727 602 802 inter
627 752 735 809 curas
760 726 912 801 tandem
935 726 1203 827 pulcherrimus
1230 728 1324 801 arvis

304 850 494 927 Extulerat
517 847 680 923 frontem
703 846 913 922 redimitam
937 847 1089 921 {loribus
1116 872 1246 925 annus,
1288 934 1290 938 ¹

304 977 460 1071 Iamque
487 969 644 1045 aderant
664 969 758 1044 votis
784 970 902 1070 optati
927 960 1098 1070 tempora
1122 967 1217 1041 veris
1244 1010 1247 1015 ,

302 1100 508 1194 Expectata
533 1091 607 1182 diu,
622 1108 672 1163 et
696 1091 871 1191 precibus
888 1089 1134 1187 lacrimisque
1159 1088 1287 1189 petita.
1426 1103 1497 1171 520

302 1213 463 1287 Nazarei
487 1212 557 1285 rite
583 1211 633 1284 ad
656 1210 830 1311 Solymae
855 1211 1011 1285 delubra
1036 1210 1265 1309 frequentes,

301 1336 353 1409 Ut
376 1335 535 1436 primum
559 1332 688 1421 illuxit,
713 1348 851 1406 matres
875 1334 1101 1432 juvenesque
1127 1356 1310 1431 senesque
1380 1408 1382 1417 s

300 1455 460 1554 Agmine
484 1453 622 1554 partito
647 1454 788 1554 campis
813 1453 1031 1525 florentibus
1058 1451 1187 1539 ibant·

301 1573 453 1648 Alcindi
476 1600 612 1653 vocem
633 1591 671 1646 et
696 1573 874 1647 coelestia
897 1575 1000 1672 jussa
1025 1572 1156 1661 secuti,

300 1694 439 1768 Audita
464 1720 510 1767 ex
534 1694 610 1768 alto
634 1694 749 1795 paulo
775 1710 861 1766 ante
885 1720 954 1794 per
979 1695 1055 1767 otia
1080 1694 1249 1771 brumae.
1426 1706 1495 1773 525

300 1816 415 1903 Nulla
435 1815 515 1891 dies
539 1809 705 1914 unquam
729 1831 806 1887 tam
829 1841 936 1916 pura,
961 1814 1111 1887 innubis
1138 1830 1175 1885 et
1199 1815 1316 1888 instar

302 1935 478 2029 Caerulei
500 1935 577 2008 rasi
600 1936 680 2010 visa
704 1952 772 2024 est,
797 1952 839 2007 ut
862 1934 975 2039 mitis,
997 1950 1039 2007 ut
1064 1933 1153 2007 alba

300 2056 371 2127 Illa
394 2055 483 2129 fuit:
508 2057 629 2129 tenuis
653 2074 798 2130 tantum
820 2053 1009 2128 nubecula
1031 2054 1114 2129 velo

299 2175 504 2276 hprcrisa
527 2175 647 2247 oculis
672 2201 765 2249 ausa
789 2193 847 2249 est
871 2175 1105 2252 abscondere
1128 2177 1257 2268 sulem,

300 2297 424 2369 Triste
447 2294 573 2367 ferens
597 2320 720 2386 umen,
747 2295 855 2369 coelo
881 2296 1076 2371 adversata
1100 2321 1248 2372 sereno.
1423 2310 1495 2377 530

298 2417 386 2487 Non
411 2413 525 2489 edera
549 2416 711 2516 antiquis
736 2418 875 2490 intorta
899 2418 1067 2493 tenacius
1092 2419 1223 2491 haeret

299 2535 532 2631 Parietibus3
557 2535 687 2611 timida
711 2554 754 2610 ut
778 2536 888 2611 nodis
916 2554 954 2610 et
978 2538 1134 2613 nexibus
1160 2538 1273 2614 aretis
1341 2539 1347 2547 ’

298 2654 522 2754 Implicitam
549 2657 680 2733 derua
701 2662 862 2732 Puerum
888 2675 991 2732 tenet
1015 2661 1123 2735 anxia
1148 2662 1277 2762 Virgo,

300 2772 445 2847 Cuncta
467 2776 601 2866 timens
608 2806 623 2874 3
650 2796 688 2851 et
711 2805 826 2879 saepe
848 2779 967 2854 oculis
992 2782 1136 2855 intenta
1158 2780 1283 2857 revisit

295 2894 523 2996 Haerentem
546 2896 662 2971 lateri.
680 2900 865 2976 comitem.
917 2900 1016 3001 Quid
1041 2902 1173 2976 sedula
1198 2926 1289 2975 cura
1421 2909 1491 2980 ³35.

295 3013 469 3085 Profuit?
494 3017 598 3100 Heu!
621 3035 823 3118 postquam
850 3020 1040 3121 Solyme'r'a
1065 3022 1114 3096 ab
1140 3023 1236 3097 urbe
1262 3019 1446 3109 redibant,

298 3134 597 3235 Obtulerantque
615 3161 748 3237 preces
775 3142 905 3213 moniti
931 3160 1184 3241 consuetaque
1211 3144 1322 3233 dona,

294 3255 380 3326 Heu
402 3254 537 3348 lassae,
561 3257 638 3330 beu
660 3259 821 3333 miserae
845 3261 902 3334 rix
925 3262 1084 3361 primum
1108 3264 1233 3337 limine
1259 3265 1387 3366 templi
1459 3252 1467 3261 ⁹

295 3377 493 3473 Egressus,
523 3378 690 3452 aetheria
714 3380 856 3455 divinus
883 3381 1043 3482 Spiritus
1070 3412 1163 3458 aura
1358 3380 1382 3399 ⁹

296 3494 495 3567 Mortalem
520 3497 656 3598 eripuit
679 3501 830 3595 nubem,
857 3502 1079 3601 Numenque
1105 3506 1212 3596 tueri,
1345 3546 1346 3551 ¹
1422 3516 1493 3591 540

294 3616 560 3715 Arcanumque
587 3616 690 3691 dedit
714 3646 792 3691 non
816 3621 1027 3696 enarrabile
1055 3625 1233 3715 Verbum,

296 3736 452 3810 Goelum
477 3715 594 3811 oculis
619 3764 803 3830 reserans,
829 3758 928 3814 tecta
953 3742 1174 3819 immortalia
1199 3728 1341 3821 Divum.

297 3856 472 3957 Dumque
498 3858 573 3931 alte
596 3857 731 3931 fruitur
756 3860 885 3960 sopitis
913 3862 1104 3955 sensibus,'
1123 3866 1188 3937 olli

294 3977 475 4078 Elapsum
498 3981 641 4051 interea
665 3980 885 4073 immemori,
908 3983 1154 4085 manibusque
1180 3962 1343 4062 solutum

293 4184 331 4235 V·
350 4187 411 4239 ³21.
430 4189 596 4251 solymae
614 4190 773 4241 delubra
793 4192 815 4256 1,
832 4194 861 4243 t.
899 4193 961 4259 vll,
980 4197 1041 4249 424.

293 4276 330 4326 V.
349 4277 439 4329 826-
450 4278 584 4330 asuuinct
602 4280 674 4331 Edit.
693 4282 792 4333 venet.
811 4286 974 4335 nonhabet.

265 4386 269 4391 ⁷
295 4365 330 4417 V.
351 4370 795 4426 8³7.Ed1t.venet..interserit:

503 4462 556 4515 Illa
573 4467 681 4527 quidem
700 4470 758 4519 nati
776 4470 900 4517 dextram
920 4480 1023 4517 memor
1042 4482 1126 4532 usque
1145 4470 1255 4519 tenebat

293 4549 409 4613 Ὴδθ.
430 4552 502 4603 Edit.
521 4555 646 4609 Veneta:

504 4645 558 4697 Sed
576 4647 695 4702 miserae
713 4663 748 4699 ex
765 4650 826 4713 ipsu
844 4652 892 4701 vix
908 4652 1024 4715 primum
1043 4653 1135 4703 limine
1154 4651 1248 4716 temptl'
