3634 5667
339 602 386 670 46
805 589 1043 661 LIBER
1092 593 1120 664 l.

338 784 494 884 Instigat
517 781 651 857 rariisr
686 808 778 885 urge
802 785 978 888 vestigia,
1003 788 1161 884 Rachel,

338 911 395 980 'Pe
408 904 580 977 Damaris
602 905 759 1007 propior
781 905 858 1002 jam
880 907 959 1007 jam
982 925 1106 1008 tenete
1130 908 1203 982 Hei
1226 909 1338 984 mihil
1357 910 1545 988 rhamnus

337 1025 515 1102 Vestibus
523 1025 722 1127 implicitus
729 1053 744 1122 3
760 1025 952 1101 Zambrim
959 1027 1060 1129 fuge,
1078 1031 1189 1123 Dina,
1205 1051 1443 1130 sequentem:
1468 1045 1543 1122 405

337 1152 454 1248 Perge
481 1146 615 1220 alacris
640 1145 791 1220 Juditha
814 1149 931 1249 prior.
983 1149 1103 1224 Sonat
1127 1150 1291 1252 undique
1317 1152 1418 1227 laeto

338 1270 605 1366 circumjectus
630 1293 720 1368 ager
744 1270 922 1370 strepitu,
949 1295 1135 1373 vocesque
1159 1299 1229 1374 per
1255 1299 1365 1346 auras

338 1390 583 1491 congeminat
606 1414 806 1464 nemorosa
825 1392 932 1464 echo.
982 1393 1122 1466 Verum
1148 1393 1273 1467 omnia
1296 1410 1441 1494 pastor,

332 1516 469 1585 Pastor
494 1535 623 1584 amans
645 1513 865 1612 Nymphae,
890 1512 1079 1612 nimiaque
1105 1514 1278 1614 cupidine
1303 1513 1468 1614 flagrans

334 1632 514 1707 {turbavit
536 1633 672 1706 Daniel
695 1635 796 1706 ausis
821 1633 1042 1734 agrestibus.
1092 1633 1161 1706 Ille
1467 1649 1543 1726 410

335 1754 523 1829 Juditham
549 1752 623 1826 sibi
647 1755 892 1855 promissam,
920 1779 993 1854 qua
1018 1754 1210 1854 pulchrior
1233 1755 1311 1829 ulla

309 1968 312 1977 Ι
335 1878 422 1950 Non
449 1893 531 1948 erat
554 1875 705 1975 aequali
727 1876 768 1947 in
792 1891 923 1968 coetu,
949 1875 1180 1977 praecedere
1206 1902 1317 1949 eursu

277 1970 284 1986 ⁹
334 1996 526 2091 Ardebat,
552 1995 759 2097 studiisque
785 2013 824 2070 et
847 1995 932 2067 nisu
957 1998 1125 2096 corporis
1152 1997 1254 2068 omni

306 2124 309 2132 '
334 2116 581 2213 Incumhens,
606 2117 701 2193 votis
726 2118 922 2219 oculisque
948 2117 1141 2219 impellere
1167 2136 1317 2191 euntem

332 2238 524 2333 Instabat,
550 2237 619 2310 sed
642 2256 845 2339 postquam
872 2239 970 2312 ultra
993 2238 1201 2341 perducere
1225 2265 1343 2342 posse
1466 2251 1541 2330 415

333 2361 422 2432 Non
442 2358 550 2431 aliter
573 2358 674 2434 videt
685 2411 698 2456 ,
725 2360 817 2432 heu!
842 2361 997 2434 Damari
1023 2359 1076 2431 nil
1102 2359 1177 2432 tale
1204 2361 1362 2457 timenti,

333 2481 417 2551 Heu
441 2480 582 2575 lassae,
610 2509 706 2582 quae
731 2484 807 2585 jam
831 2499 969 2554 metam
993 2507 1113 2583 prope
1134 2480 1268 2554 anhela
1292 2481 1459 2579 tenebat,

333 2601 470 2675 Vicino
496 2627 518 2674 e
542 2602 622 2676 rivo
644 2601 783 2677 faciem
807 2621 1025 2704 vestemque
1052 2600 1285 2703 capillosque

334 2724 510 2798 Irroratit
535 2751 652 2824 aqua,
677 2743 715 2799 et
739 2725 876 2825 festqm
900 2723 1098 2800 maculavit
1121 2724 1296 2796 amictum

334 2843 632 2944 Reticulumque,
660 2865 697 2921 et
723 2867 849 2949 syrma
872 2873 1020 2938 norum,
1044 2843 1267 2942 calceosque
1285 2842 1440 2917 nivales,
1466 2853 1541 2932 440

334 2964 404 3038 llla
428 2965 557 3039 furens
583 2969 714 3040 animis
740 2971 915 3064 sorbum,
940 2965 1044 3067 quod
1069 2964 1167 3040 forte
1193 2965 1362 3065 gerebat,

336 3085 498 3184 Coujicit
522 3088 562 3158 in
588 3108 699 3190 caput
723 3091 879 3165 inrisum
902 3105 986 3162 toto
1013 3088 1172 3186 impete,
1200 3085 1316 3157 multa
1360 3141 1364 3152 .

334 3209 581 3302 Vociferans,
607 3230 813 3312 oneratque
839 3210 1014 3312 probris,
1043 3223 1081 3279 et
1104 3205 1203 3279 fuste
1227 3222 1380 3305 roperto

333 3331 595 3431 Nequicquam
619 3331 844 3432 insequitur:
871 3331 1033 3430 dumque
1059 3326 1136 3399 iras
1159 3324 1320 3398 luctibus
1346 3324 1469 3426 explet

333 3454 539 3550 Femineis3
563 3469 711 3553 raptum
735 3454 880 3526 interea
904 3450 1059 3526 Juditha
1081 3446 1231 3521 redibat
1465 3455 1540 3534 425

248 3660 256 3668 ‚
335 3574 539 3650 Ostentans
558 3573 729 3646 manibus
754 3599 909 3648 ramum.
961 3574 1048 3646 Non
1071 3567 1168 3641 liber
1193 3565 1364 3658 habenis,

302 3712 305 3725 ·
332 3691 544 3795 Effusisque
568 3695 667 3795 jubis
695 3711 798 3769 tanto
822 3695 922 3769 redit
945 3694 1084 3796 impete
1109 3687 1229 3762 victor

297 3904 299 3907 Ι
332 3819 365 3888 E
391 3817 512 3891 stadio
538 3815 724 3916 Massylus
751 3841 887 3916 equus,
913 3816 1046 3918 plausu
1072 3811 1230 3904 incitus,
1257 3807 1415 3901 ardens,

333 3937 384 4010 Ut
409 3964 563 4041 campos
588 3936 735 4037 fugiens
760 3936 875 4014 niveis
904 3935 1023 4036 quatit
1047 3931 1113 4004 illa
1141 3930 1346 4025 cothurnis,

337 4056 508 4131 Crinibus
532 4059 573 4130 in
596 4073 745 4133 ventum
770 4058 922 4157 sparsis.
974 4053 1052 4127 Sed
1075 4051 1179 4142 virgo
1206 4067 1336 4122 secuta
1466 4061 1540 4144 450

334 4179 493 4253 Aemula
517 4203 587 4278 par
611 4177 805 4279 zephyris,
832 4196 870 4252 et
894 4178 1055 4276 denique
1082 4171 1184 4244 crine
1209 4171 1435 4268 prehensam

335 4300 552 4403 lnjectaque
577 4315 735 4398 utraque
759 4323 873 4371 manu
897 4317 1019 4394 tenet,
1050 4310 1161 4391 atque
1187 4290 1349 4364 virentes

336 4532 373 4583 V.
390 4533 452 4586 410.
470 4531 543 4584 Eut.
560 4533 687 4586 Veneta:
707 4529 841 4583 tutent
856 4532 964 4583 Daniel.
1001 4531 1054 4580 llic
1073 4529 1160 4590 primo
1179 4527 1208 4578 ln
1225 4527 1293 4577 flore
1308 4521 1445 4591 juventas

337 4622 373 4673 V.
392 4625 455 4677 tta.
473 4624 546 4676 Edit.
563 4625 665 4676 venet.
684 4624 767 4690 tegle:
787 4620 908 4688 Gonjlclt
925 4625 953 4674 tn
971 4627 1079 4688 tergum
1096 4618 1230 4684 fugientis
1247 4618 1366 4679 plurima
1384 4618 1489 4668 frustra

339 4716 373 4770 v.
391 4718 453 4771 tte.
473 4717 546 4771 Edit.
565 4719 691 4772 Veneta:
708 4718 732 4771 Ε
751 4717 842 4770 surio
859 4715 999 4778 Massylus
1015 4726 1113 4780 equus,
1132 4722 1189 4764 roa
1205 4708 1336 4763 Parthica
1352 4710 1468 4777 arundo,
