3634 5667
573 1904 722 2004 mco
756 1909 1050 2008 OE'leomoe
1079 1907 1297 2011 venae.

407 2216 556 2266 Thomas
580 2212 675 2264 ceva
698 2208 912 2267 mediolanensis
935 2217 1042 2268 familia
1066 2219 1143 2267 ortos
1165 2215 1281 2264 honesta
1303 2209 1463 2274 plurimum,
1492 2211 1529 2272 et,

334 2323 367 2368 ut
383 2322 441 2368 tam
460 2321 521 2368 erat
538 2319 665 2384 tortoua,
682 2318 827 2380 locuplete.
864 2323 906 2371 De
925 2323 976 2373 lroc
994 2321 1150 2383 priusquam
1169 2318 1273 2383 dicant,
1291 2314 1375 2365 venia
1393 2317 1421 2362 et
1438 2311 1531 2376 gratia

336 2427 381 2472 est
398 2436 415 2472 a
433 2423 584 2472 lectoribus
600 2422 780 2489 postulanda,
809 2437 862 2487 quo
878 2425 968 2474 minus
991 2424 1071 2474 notris
1087 2422 1283 2485 succenseant,
1309 2418 1335 2468 si
1352 2419 1385 2465 de
1403 2415 1464 2464 vita
1480 2426 1530 2464 ex-

335 2528 464 2576 cellentis
488 2526 544 2576 viri
569 2525 683 2574 brevem
708 2528 853 2577 admodum
876 2529 1024 2576 scribimus
1047 2522 1269 2573 commentarium
1274 2554 1285 2588 ,
1315 2521 1387 2584 quod
1404 2519 1431 2568 ei
1449 2529 1531 2567 secus

336 2631 506 2679 conveniret.
543 2629 599 2677 Sed
621 2629 701 2681 uobis
728 2629 888 2680 obscuriora
911 2625 972 2692 ejus
994 2631 1057 2678 sunt
1081 2627 1158 2676 tacta
1180 2625 1327 2688 pleraque,
1358 2622 1429 2684 quod
1452 2619 1480 2669 ei
1496 2620 1533 2669 ad

335 2733 449 2782 multam
474 2731 644 2781 senectutem
669 2732 729 2781 vita
753 2732 955 2799 suppeditavit,
991 2741 1137 2793 omnesque
1166 2729 1192 2780 ei
1218 2728 1347 2790 aequales
1372 2724 1434 2776 fere
1468 2726 1532 2774 aute

335 2839 458 2885 nostram
476 2837 597 2883 centem
613 2838 729 2886 naturae
747 2835 868 2886 debitum
885 2836 1069 2886 reddiderunt,
1094 2834 1197 2885 Illustri
1213 2833 1323 2897 ingenio
1338 2831 1441 2882 iratres
1451 2827 1531 2876 tuere

335 2939 394 2984 tres
403 2931 452 3000 ἱ4),
471 2938 565 2995 utpote
583 2937 629 2999 qui
647 2938 771 2998 poetices
790 2941 839 2988 aut
854 2939 1063 2988 matliematices
1080 2938 1170 3001 gloria
1187 2937 1215 2986 in
1233 2934 1351 2985 literatis
1368 2932 1455 2983 habiti
1470 2933 1549 2994 sursit¹

337 3039 422 3106 viris,
440 3052 593 3102 nomenque
609 3041 743 3092 memoria
760 3044 789 3091 et
806 3043 1039 3092 commendatione
1057 3039 1169 3105 dignum
1187 3038 1365 3102 reliquerunt.
1404 3083 1408 3094 ,

388 3142 442 3191 llic
458 3142 546 3192 lustro
560 3143 651 3193 miuus
666 3146 749 3195 tertio
765 3145 899 3196 societati
912 3145 981 3194 Jesu
997 3156 1097 3195 nomen
1114 3138 1268 3203 dedititii),
1288 3140 1334 3203 qui
1352 3137 1440 3201 qualis
1459 3137 1534 3184 esset

335 3243 367 3295 in
384 3246 458 3296 omni
475 3245 583 3305 iuturus
601 3248 675 3310 vita,
695 3247 773 3298 initio
790 3249 883 3298 statim
902 3248 1025 3310 aperuit;
1043 3251 1151 3310 partam
1169 3245 1322 3308 opinionem
1339 3241 1451 3290 virtutis
1469 3249 1532 3298 per-

336 3350 421 3408 petuo
446 3347 540 3413 auxit,
577 3351 696 3400 animum
724 3363 794 3401 vero
819 3353 940 3414 quotidie
966 3352 1055 3417 magis
1080 3348 1325 3414 pulcherrimarum
1353 3343 1532 3418 scientiarum

338 3450 497 3513 cognitione
520 3453 647 3502 erudivit.
684 3453 771 3512 Quem
793 3456 861 3504 nillil
884 3455 994 3520 dubito,
1026 3457 1057 3502 ut
1080 3467 1148 3505 vere
1173 3451 1275 3514 possim
1305 3450 1396 3498 dicere
1422 3442 1531 3509 i1150¹¹¹⁰

338 3554 427 3604 inim
453 3555 630 3619 ielicissimo,
658 3555 825 3618 mirificeque
845 3559 881 3607 ad
905 3562 951 3606 res
968 3557 1059 3618 plures
1077 3556 1283 3607 accommodato
1298 3547 1381 3608 aaa),
1418 3547 1490 3630 Nam
1507 3545 1534 3594 δί

341 3657 452 3720 gratiae
474 3661 504 3706 et
526 3658 602 3708 laudi
624 3660 703 3710 nobis
721 3661 873 3710 (lucendum
891 3663 966 3709 esset
982 3659 1104 3711 marsican
1121 3659 1213 3724 scire,
1237 3660 1268 3708 et
1285 3653 1426 3706 commode
1443 3649 1534 3701 scieu-

335 3881 370 3945 *J
388 3887 552 3938 loannes
577 3888 674 3940 Cera
698 3894 862 3952 procurator·
884 3891 1020 3941 redituum
1053 3890 1214 3940 Archiducis
1248 3879 1389 3938 Mantuani
1415 3883 1478 3949 ituit,
1505 3883 1535 3930 et

392 3957 538 4009 christo
545 3962 678 4020 phoras
696 3961 808 4026 Ceva,
829 3964 920 4012 clarus
938 3964 1067 4012 versione
1085 3962 1172 4012 latina
1189 3961 1320 4023 Torquati
1337 3958 1425 4022 Tassi,
1441 3956 1531 4005 socie-

390 4029 442 4077 tati
452 4030 519 4078 Jesu
527 4032 688 4092 adscriptus.
725 4031 782 4081 Cir.
802 4033 1021 4082 Tiiomaecev'ae
1040 4033 1173 4081 Silvas.
1192 4032 1291 4080 venet.
1313 4031 1390 4081 1732.
1410 4037 1472 4090 pag·
1484 4023 1528 4078 4⁹·

365 4099 506 4162 'Aligem
525 4101 746 4164 Encyciopaeuie
771 4103 796 4150 d.
824 4103 994 4153 Wisseuselr.
1024 4116 1050 4150 u.
1070 4101 1177 4151 liiinste·
1200 4113 1255 4150 von
1281 4101 1302 4150 l.
1328 4101 1356 4152 S.
1381 4099 1479 4148 Erech,
1504 4107 1531 4144 u.

390 4168 412 4218 1.
433 4171 466 4218 G.
487 4171 601 4221 Gruter.
621 4173 714 4233 Leipz.
735 4174 813 4224 1827.
833 4175 862 4222 Τ.
882 4175 957 4222 xvi,
976 4187 1002 4234 p.
1022 4175 1065 4222 90.

336 4231 391 4295 Ἠὓ)
410 4240 562 4290 Thomas
590 4242 700 4309 (leva,
726 4247 808 4293 nattis
825 4244 891 4292 xlll
910 4243 969 4292 Cal.
996 4244 1059 4292 Jan.
1078 4239 1256 4306 MDCthll,
1282 4241 1450 4290 locietatem
1465 4232 1535 4284 Jesn

390 4309 532 4372 ingressus
563 4313 602 4361 lx
634 4313 693 4364 cal.
732 4314 817 4374 April.
854 4305 1038 4379 MDcth'll,
1082 4315 1153 4363 vota
1180 4313 1314 4362 solcumia
1345 4309 1385 4360 Vl
1407 4309 1445 4357 ld.
1464 4307 1531 4357 Dec.

392 4381 592 4432 otocnxxlu
609 4385 759 4444 professus.
979 4443 983 4450 ,

335 4443 411 4506 Μ)
429 4451 484 4499 Des
502 4449 590 4501 taleas
608 4454 664 4505 tort
682 4455 821 4521 differens,
840 4455 886 4517 qui
896 4453 1029 4504 semblent
1045 4465 1161 4516 presque
1179 4451 1395 4514 incompatibles,
1415 4441 1535 4509 etqu’on

390 4521 450 4569 voit
467 4528 605 4572 rarement
629 4525 722 4574 reunia
740 4528 861 4575 tansum
884 4526 954 4587 petit
978 4526 1091 4574 nombre
1118 4521 1265 4573 d’irommes
1297 4517 1476 4583 privilegies,
1493 4514 1533 4563 lui

391 4593 534 4640 ourvrirent
551 4607 605 4643 une
623 4595 744 4645 caruitne
762 4596 858 4645 varice
877 4600 905 4644 et
924 4595 1061 4644 briliante.
1097 4594 1293 4654 Memoires
1312 4603 1380 4652 pour
1397 4586 1548 4654 l'lristoire¹

391 4662 441 4710 des
453 4663 582 4782 seciences
601 4666 629 4715 et
646 4668 695 4718 aes
713 4668 803 4719 teatin
821 4670 889 4716 arte.
927 4666 1013 4716 Paris.
1047 4667 1126 4718 itae,
1143 4663 1258 4714 uuvrnr
1276 4674 1341 4726 pag.¹
1360 4661 1419 4712 823.
1444 4657 1532 4720 Eloge

391 4733 428 4781 tu
447 4734 467 4782 P
485 4747 516 4783 re
535 4735 622 4787 ceca«
1499 4757 1503 4769 ·
