3634 5667
677 502 917 575 LIBER
965 504 1044 578 v11.

283 698 486 777 Gran'dinis
509 700 548 773 in
572 723 715 773 morem
738 725 915 775 succusso
938 701 1086 801 persica
1109 717 1241 773 trunco

281 826 327 894 In
351 821 504 895 viridem
527 821 701 895 labuntur
724 822 884 896 humum.
934 819 1160 923 Supponite,
1183 834 1334 910 matres,

281 944 364 1015 Huc
373 924 563 1043 gremium,
586 943 660 1015 huc
669 942 802 1019 corbes
809 972 823 1039 3
837 943 906 1016 tibi
915 968 1064 1045 pomum
1075 944 1161 1031 hoc,
1188 938 1294 1033 Sara,
1317 937 1473 1041 bilibre,

281 1064 366 1135 Hoc
382 1063 470 1154 tihi,
495 1062 608 1136 tende
625 1064 758 1153 sinum,
782 1066 938 1166 Zelphe.
989 1062 1086 1164 Quid
1098 1060 1373 1160 singulanarm,
1400 1074 1471 1141 305

283 1183 387 1284 Quae
411 1182 486 1258 vidi
510 1185 568 1257 his
593 1184 710 1258 oculis
734 1211 938 1286 praesens,
963 1185 1094 1284 hisque
1118 1181 1266 1254 auribus
1290 1177 1423 1251 hausi?

379 1305 536 1403 Jamque
560 1305 679 1380 omnis
704 1308 799 1380 veris
823 1332 962 1407 pompa
987 1303 1223 1402 autumnique
1249 1300 1417 1374 subalta

278 1422 370 1496 llice
393 1442 474 1497 erat
497 1424 597 1497 foliis
623 1444 802 1526 cooperta
827 1444 865 1499 et
890 1427 1008 1499 odoro
1034 1424 1198 1498 adianto.

279 1546 331 1616 At
352 1545 502 1644 quinam
525 1546 667 1619 ferrent
690 1550 809 1621 Puero
833 1547 1042 1620 redolentia
1066 1545 1178 1636 dona,

278 1664 343 1737 Lis
370 1682 450 1737 erat
474 1683 511 1739 et
534 1694 706 1768 magnum
732 1686 940 1761 certamen3
960 1694 1048 1741 nam
1072 1666 1145 1741 sibi
1170 1664 1328 1765 quisque
1403 1674 1473 1741 310

273 1765 324 1855 ld
349 1785 522 1884 cupiebat
545 1792 658 1878 onus,
685 1790 757 1863 sihi
781 1792 1025 1889 certatimque
1051 1785 1229 1889 quasillos
1304 1884 1308 1907 Ι

276 1905 311 1974 Ε
335 1906 506 1978 manibus
529 1909 696 2008 rapiunt3
721 1910 861 1985 instant
881 1912 989 2013 pueri
1013 1928 1124 2010 atque
1148 1904 1307 2008 puellae,

279 2024 589 2127 Contenduntque
615 2055 740 2130 snper.
789 2036 866 2105 Res
890 2032 1041 2106 tandem
1067 2028 1116 2102 ad
1140 2028 1259 2129 jurgia
1282 2022 1403 2117 venit,

279 2143 422 2218 Cedere
446 2171 518 2219 nec
542 2149 685 2250 Zelphe
709 2152 785 2225 vult
808 2153 927 2249 Dina,
954 2169 1065 2253 atque
1089 2166 1245 2248 utraque
1269 2159 1400 2235 certat,

277 2268 562 2369 Foemineisque
586 2271 759 2369 utrinque
783 2290 892 2347 sonat
916 2272 1113 2373 garritibus
1137 2269 1282 2347 aether.'
1400 2277 1471 2345 315

277 2390 379 2487 Ergo
403 2406 512 2488 pater
536 2390 670 2463 Ruben
695 2392 798 2463 litem
825 2419 1051 2495 componere
1076 2392 1245 2465 adorsus¹

276 2508 488 2608 Dispositos
512 2535 641 2585 omnes
665 2513 705 2583 in
730 2538 1058 2614 gyssam-promere
1082 2512 1190 2614 jussit

277 2628 471 2727 Quemque
496 2656 666 2726 manum,
693 2630 841 2731 digitos,
868 2652 960 2734 quot
976 2635 1132 2735 quisque
1148 2631 1333 2726 emiserat,
1359 2650 1471 2703 unam

278 2747 426 2847 Colligit
450 2749 489 2820 in
515 2775 693 2823 summam
700 2779 713 2847 ς
738 2769 816 2827 tum
840 2781 1025 2856 quemque
1052 2780 1096 2829 ex
1120 2752 1250 2828 ordine
1275 2752 1436 2827 lustrans

271 2870 362 2943 Non
387 2882 461 2941 uno
486 2885 655 2944 numerat
678 2900 783 2973 gyro.
835 2876 926 2950 Sors
950 2878 1072 2977 prima
1094 2876 1290 2967 Barucchi,
1398 2882 1471 2953 520

277 2987 344 3060 Cui
367 2987 527 3061 trifidum
552 3010 694 3091 guttur,
720 2995 841 3069 fatuus
867 2998 926 3069 eui
951 2998 1046 3071 risus
1064 2998 1104 3069 in
1128 3022 1193 3071 ore

274 3106 380 3179 Idem
404 3134 551 3210 semper
576 3131 676 3203 erat,
701 3116 851 3215 risuque
878 3118 1023 3220 excepit
1048 3117 1181 3191 eodem

273 3226 317 3299 ld
343 3255 510 3328 quoqnet
535 3234 682 3307 Rubeni
708 3262 791 3309 sors
819 3236 958 3324 altera,
983 3240 1093 3313 tertia
1117 3237 1291 3338 Zelphes.

272 3346 432 3421 Advolat
455 3350 521 3423 illa
547 3356 691 3447 statim,
718 3358 906 3458 capitique
933 3359 1127 3433 celerrima
1142 3360 1295 3461 plenum

272 3470 389 3570 Aptat
410 3487 567 3572 utraque
592 3500 704 3547 manu
725 3477 929 3569 calathum,
957 3505 1031 3578 quo
1058 3479 1169 3554 ditior
1194 3478 1289 3551 alter
1397 3486 1469 3587 32⁵

271 3593 360 3663 Non
386 3609 482 3684 erat,
509 3611 620 3693 atque
644 3596 748 3670 illum
773 3596 914 3671 celarat
938 3599 1074 3675 callida
1096 3600 1137 3672 in
1160 3596 1299 3687 herbis,

271 3715 330 3784 Ne
356 3714 439 3810 quis
465 3715 666 3816 surriperet
673 3746 686 3811 3
712 3718 877 3816 sequitur
902 3718 988 3794 dein
1016 3720 1185 3822 Sephora
1210 3717 1343 3793 nutrix.
1411 3742 1413 3749 ’

270 3832 363 3905 Inde
388 3841 477 3933 e'go,
502 3852 579 3909 tum
603 3823 848 3920 metensem
872 3838 1002 3912 ultima
1025 3840 1272 3919 Bersabaeae.

270 3958 322 4028 At
346 3954 520 4029 miseram
543 3959 678 4031 Dinam
703 3960 853 4037 fortuna
876 3960 1027 4033 inimica
1054 3961 1207 4059 fefellit,

269 4075 512 4148 Dissimulare
538 4079 687 4179 nequit,
713 4081 959 4180 lacrimasque
986 4082 1219 4159 abscondere
1243 4082 1343 4157 vultu
1393 4098 1465 4166 330

268 4196 408 4269 Nititur
432 4222 580 4289 averso,
607 4217 645 4274 et
668 4200 752 4276 lites
778 4192 1110 4279 clamoribus'altis

269 4315 451 4407 Suscitat,
477 4335 589 4420 atque
614 4320 726 4395 alium
749 4348 875 4398 rursus
899 4322 974 4398 vult
996 4324 1119 4397 invida
1144 4352 1273 4425 gyrum

267 4525 302 4575 V.
323 4529 384 4580 ³09.
403 4528 493 4579 Editio
512 4530 637 4581 Veneto:

476 4623 513 4671 at
530 4623 639 4685 quinam
653 4626 741 4678 Puero
760 4628 914 4679 redolentia
931 4640 1045 4681 munera
1063 4629 1167 4680 ferrent
