3634 5667
351 616 423 683 130
536 625 541 635 ‘
796 598 1169 671 LIBERVII.

351 797 385 871 Ο
411 820 499 896 age,
524 792 606 888 dic,
632 816 721 885 oro,
744 791 952 890 seriemque
977 793 1026 866 eb
1051 794 1194 893 origine
1219 794 1352 868 miram

350 916 490 1016 Incipe.
540 913 742 986 Foemineo
767 912 875 986 simul
898 912 1002 986 illem
1026 940 1215 987 murmure
1233 941 1371 1015 magno

353 1035 587 1110 constituunt
611 1052 722 1107 coetu
744 1034 784 1105 in
806 1030 952 1125 medio,
979 1034 1259 1137 interruptaque
1283 1061 1404 1139 pensa
1480 1049 1552 1117 220

349 1157 543 1257 Paulisper
567 1171 731 1256 ponunt,
756 1178 909 1253 remque
932 1181 1081 1228 omnem
1109 1155 1238 1230 audire
1264 1154 1452 1237 laborant,

350 1279 454 1378 Quae
480 1276 588 1349 simul
612 1300 657 1348 ac
679 1275 768 1351 vidit
792 1300 972 1349 converse
995 1276 1035 1348 in
1060 1302 1102 1351 se
1128 1272 1216 1369 ora,
1240 1277 1392 1371 rubore,

348 1400 400 1471 Ut
424 1396 566 1486 decuit,
593 1395 731 1470 suffusa
755 1422 892 1497 genas,
918 1394 1118 1471 formidine
1142 1398 1295 1472 tandem

262 1526 264 1532 ’
349 1518 549 1619 Deposita,
575 1516 631 1590 sic
656 1541 742 1589 orsa
766 1516 890 1619 loquie
915 1520 999 1592 Jam
1021 1518 1112 1591 talia
1137 1518 1276 1591 dudum

353 1636 614 1727 credideram,
637 1637 778 1728 fateor,
804 1641 936 1714 restris
963 1664 1110 1739 quoque
1137 1637 1256 1711 didita
1279 1637 1401 1729 terris,
1480 1650 1550 1720 225

349 1759 430 1833 Nec
454 1757 605 1832 latuisse
631 1782 773 1831 conum.
826 1759 904 1834 Sed
929 1758 1079 1859 quando
1104 1760 1265 1859 ingentis
1292 1758 1341 1833 ad
1367 1783 1478 1831 eures

347 1878 511 1979 Prodigii
534 1880 656 1952 tenuis
681 1879 738 1953 vir
762 1906 890 1953 rumor
914 1904 1071 1978 seraque
1098 1879 1199 1950 fama

346 1998 514 2090 Accidit,
534 2001 618 2101 ipsa
643 1999 760 2073 oculis
787 2026 884 2100 quae
908 2024 1087 2100 praesens
1112 1997 1270 2071 testibus
1295 1996 1416 2089 hausi,

347 2102 552 2219 Erpediam
576 2120 707 2221 paucis
714 2149 728 2214 3
753 2146 826 2193 nec
852 2120 952 2192 enim
977 2119 1058 2193 sine
1084 2120 1236 2192 numine
1262 2118 1385 2191 divum

347 2239 414 2312 His
440 2264 510 2339 ego
535 2258 653 2342 nupta
678 2241 755 2315 oris
780 2240 930 2332 vestris,
955 2265 1028 2313 nec
1053 2239 1194 2313 inutilis
1219 2240 1358 2339 hospes
1480 2250 1550 2319 230

345 2360 503 2433 Munera
520 2387 635 2462 parra
659 2362 748 2436 olim
773 2360 949 2439 referam.
998 2362 1205 2435 Bethlemia
1228 2360 1268 2433 in
1296 2384 1384 2434 arva

345 2482 503 2560 Viecndi
527 2484 649 2558 studio
676 2482 917 2583 (undecimus
942 2484 1018 2581 jam
1039 2484 1193 2558 vertitur
1220 2480 1358 2579 annus)

342 2604 405 2678 Ad
429 2606 556 2679 lesum
580 2605 761 2679 infantem
786 2623 980 2706 pastorum
1007 2603 1162 2678 credula
1187 2601 1297 2674 dictis

342 2726 454 2797 Forte
479 2726 575 2799 ierat
598 2742 730 2805 mater.
783 2725 877 2797 Sera
901 2724 988 2797 dein
1013 2742 1125 2798 nocte
1149 2746 1301 2797 reversa

344 2845 567 2945 Engaddum
590 2845 716 2947 pluvio
742 2846 863 2918 imbre
890 2846 1010 2917 fluens
1032 2844 1293 2941 lutulentaque
1316 2864 1449 2927 coeno,
1477 2852 1547 2918 235

343 2966 394 3039 Ut
419 2994 541 3062 nunc,
566 2967 765 3039 hibernum
788 2968 890 3039 circa
915 2967 1041 3065 ignem
1066 2984 1103 3038 et
1127 2964 1272 3037 fumida
1296 2960 1411 3059 ligna,

342 3088 442 3159 Dum
468 3086 702 3187 chlamydem
725 3087 851 3189 ponit,
876 3087 1046 3160 madidos
1074 3086 1163 3159 dum
1188 3086 1306 3158 siccat
1329 3079 1501 3168 amictae,

344 3207 533 3281 Narrabat
557 3206 689 3296 nobis,
716 3212 821 3304 quae
838 3207 994 3283 viderat.
1045 3208 1147 3296 Heu,
1175 3202 1309 3303 quihus
1333 3198 1403 3272 illa

342 3328 460 3401 Ebria
486 3326 629 3400 deliciis
654 3328 777 3399 miris!
805 3352 900 3425 quae
925 3327 1003 3399 visa
1029 3326 1206 3399 canebat!

257 3462 262 3473 '
342 3450 423 3522 Nec
446 3447 531 3524 finis
558 3447 666 3521 fandi
692 3476 804 3549 quam
829 3445 891 3517 dia
915 3472 1122 3549 puerpera3
1148 3462 1239 3545 quot
1265 3468 1306 3515 se
1476 3449 1545 3525 240

342 3570 516 3643 Vinctum
541 3570 596 3643 illi
626 3570 920 3666 obstrictumque
947 3566 1066 3639 modis
1074 3598 1087 3664 3
1115 3592 1228 3669 quam
1254 3560 1435 3637 candidus
1460 3561 1553 3650 illic,

345 3678 464 3790 Quam
487 3716 618 3765 roseus
642 3694 739 3764 Puer
762 3691 950 3780 inventus,
977 3713 1089 3787 quam
1115 3686 1254 3785 frigore
1280 3707 1402 3783 paene

343 3813 530 3886 Exanimis
556 3814 686 3884 miser!
714 3813 745 3886 Ο
773 3810 913 3910 qualis!
938 3810 1003 3908 qui
1025 3808 1149 3910 fulgor
1172 3809 1324 3883 ocellis!

341 3932 446 4002 Mille
471 3931 590 4005 modis
616 3932 726 4005 variis
752 3956 881 4003 secum
906 3929 1114 4002 dulcedinis
1141 3931 1295 4002 haustae

339 4054 374 4124 It
398 4051 549 4125 volvens
577 4054 700 4123 animo
727 4078 877 4139 sensus,
904 4070 1016 4150 atquc
1043 4050 1316 4151 exprimitorc.
1474 4048 1544 4124 245

341 4261 376 4310 V.
395 4262 456 4311 tta.
475 4261 539 4310 Edit
559 4262 656 4311 Venet.
674 4276 725 4324 pro
744 4274 870 4328 magno
889 4264 966 4326 pont
986 4263 1097 4313 circum.

342 4352 378 4403 V.
397 4355 458 4405 att.
477 4352 696 4404 Bethlehem
721 4355 858 4414 (domus
881 4355 1005 4422 panis,
1030 4357 1064 4406 oh
1089 4352 1240 4418 ingentem
1256 4346 1389 4400 frumenti
1418 4342 1548 4412 coriam),

483 4439 564 4509 cujus
586 4458 686 4497 nomen
710 4447 851 4509 antiquum
868 4430 1045 4515 Euhreta,
1071 4446 1101 4497 in
1124 4445 1199 4495 trihu
1216 4443 1290 4495 Jnda
1318 4443 1380 4493 eret
1397 4439 1463 4491 uite.
1484 4439 1550 4487 fleu

485 4540 534 4601 ah,
551 4536 594 4588 19.
613 4537 715 4587 Erueb.
735 4540 769 4587 de
786 4539 840 4590 loc.
860 4540 936 4589 hebr.

340 4630 377 4680 V.
398 4632 459 4683 24³.
478 4631 551 4681 Edit.
570 4630 670 4681 Venet.
688 4630 772 4697 legite

551 4721 705 4774 Exanimis!
725 4724 815 4788 ollulis
833 4724 940 4790 superi!
964 4724 1013 4798 qui
1031 4724 1124 4790 fulgor
1142 4718 1259 4775 ocellisl
