3634 5667
730 468 1050 551 LIBERV.

285 679 444 775 Jamque
468 690 711 775 peragrarent
734 677 888 766 Persas,
912 666 1062 775 jamque
1083 672 1212 747 ultima
1234 697 1351 775 regua

285 796 496 870 Memnonis
522 793 602 889 eci,
628 819 713 867 cum
736 796 895 895 primum
917 793 1038 867 lenior
1063 818 1154 867 aura

286 916 428 989 Sentiri
449 915 582 1016 procul
604 942 626 989 e
647 916 774 991 cedris
799 915 1010 1015 gratisdma
1030 914 1154 1014 coepit
1159 939 1173 1008 3

285 1038 444 1137 Qualem
468 1062 490 1109 e
514 1036 719 1137 longinque
743 1036 865 1110 nautis
889 1035 1119 1110 venientibus
1145 1033 1276 1109 afflant
1409 1045 1480 1123 115

283 1156 348 1229 Ad
372 1181 475 1228 mare
501 1157 667 1231 odoratis
691 1157 867 1257 Ligurum
884 1180 1040 1228 nemora
1065 1180 1179 1229 aurea
1202 1156 1315 1229 citris.

283 1280 373 1350 Mox
396 1278 654 1378 paradisiacae
667 1277 847 1353 uolucres
870 1302 941 1377 per
965 1274 1116 1349 caerula
1138 1273 1252 1372 visae,

282 1400 454 1471 Nunciae
480 1398 528 1471 ab
551 1398 688 1498 Elysiis
712 1398 842 1473 hortis.
891 1398 978 1469 Non
1002 1394 1107 1469 ludia
1130 1392 1238 1486 tales,

282 1520 367 1591 Nec
390 1519 501 1592 variis
525 1519 659 1618 pennis
684 1535 741 1593 tet
765 1519 867 1594 dives
890 1518 1065 1617 America
1089 1516 1198 1593 vestit
1530 1553 1540 1591 i

280 1640 483 1739 Purpureis
508 1638 659 1730 rostris,
684 1639 874 1739 minioque
897 1636 1116 1711 rubentibus
1142 1635 1223 1725 alis.
1407 1652 1478 1721 150

282 1760 440 1831 Miratur
465 1760 684 1860 capiturque
708 1759 804 1833 locis
827 1775 936 1831 tener
959 1756 1084 1830 incola
1109 1756 1245 1845 eremi,

281 1880 402 1979 Quem
426 1878 577 1951 flentem
601 1879 719 1979 Virgo
743 1879 918 1951 miserata
941 1855 1137 1978 receperat
1164 1876 1278 1950 almas

279 1997 471 2070 Haeccine
497 1998 720 2072 Nazaridum
743 1999 869 2097 regie,
893 1999 1032 2096 inquit,
1058 1997 1228 2097 avitaque
1254 1994 1392 2071 tellus?

280 2119 315 2193 0
341 2122 480 2210 Mater,
506 2146 618 2219 quam
640 2118 760 2192 laetus
789 2120 897 2217 ager!
923 2144 1019 2217 quae
1044 2119 1156 2219 copia
1179 2120 1322 2192 rerum!

280 2240 386 2339 Quae
411 2264 566 2314 nemore
590 2256 628 2311 et
651 2239 758 2314 vitrei
781 2237 926 2320 fontes!
953 2240 1019 2311 Cui
1044 2238 1207 2313 candida
1230 2240 1348 2338 Virgo
1405 2251 1475 2321 155

278 2359 546 2435 Dissimulans:
571 2357 754 2459 Equidem
777 2358 888 2456 longe
912 2358 984 2431 ista
1008 2360 1156 2433 beatior
1179 2384 1248 2432 cra

281 2481 404 2579 Quam
428 2496 492 2553 tua
515 2505 623 2569 rura,
657 2478 798 2578 inquit,
833 2468 993 2551 nebulae
1019 2480 1124 2579 queis
1150 2504 1297 2579 semper
1321 2502 1476 2578 opacae,
1534 2512 1544 2572 i

278 2598 451 2671 Patribus
476 2616 514 2673 et
539 2599 681 2672 circum
705 2597 845 2698 stagnis
871 2601 991 2699 gravis
1015 2600 1167 2681 incubat
1191 2608 1267 2675 adr.
1535 2588 1539 2599 ’

281 2720 350 2791 llle
377 2736 500 2792 autem
523 2720 667 2820 gestirex
685 2719 837 2806 animis,
861 2736 902 2790 ut
925 2721 1048 2818 gestiit
1072 2720 1154 2797 alvo

279 2838 479 2941 Quondam
503 2857 694 2930 materna,
719 2855 830 2936 atque
855 2839 972 2912 aculis
997 2866 1067 2940 per.
1092 2858 1226 2915 cuncta
1240 2840 1376 2939 vagari,
1405 2856 1475 2921 160

279 2964 329 3032 Et
355 2959 478 3058 digitis
503 2985 602 3032 nunc
628 2959 741 3048 haec,
767 2958 956 3031 nunc-illa
982 2960 1180 3033 ostendere
1201 2960 1335 3061 parvis·

278 3084 427 3152 Interea
452 3080 569 3178 magis
594 3096 706 3176 atque
731 3079 848 3175 magis
873 3077 1067 3153 subsidere
1092 3105 1240 3159 currust

277 3200 507 3299 Praecipites
532 3199 638 3271 caelo
663 3198 809 3296 bijugos
835 3198 903 3269 sed
926 3202 1074 3298 parcius
1102 3201 1192 3274 Ales

276 3318 526 3424 Accelerabat
551 3344 665 3416 agens
690 3318 864 3411 stimulis,
890 3347 965 3417 quo
990 3338 1068 3393 tcta
1095 3320 1208 3393 videri

274 3442 360 3515 Jam
384 3439 490 3539 regio
516 3464 560 3509 en
586 3438 661 3511 alte
684 3456 814 3538 posset
838 3438 1018 3519 ditissima
1042 3442 1162 3541 pernis
1399 3456 1469 3522 165

276 3758 312 3807 V.
334 3758 394 3808 142.
413 3757 523 3808 Persas.
540 3756 589 3823 111,
609 3757 668 3808 1⁰2.

279 3849 763 3916 v.143.Manuouisaoi.111,
784 3855 846 3905 408.

273 3942 309 3992 V.
332 3942 393 3991 146.
413 3940 565 4002 Ligures
582 3945 645 3990 sunt
663 3944 792 4007 Liguriae
817 3944 922 4007 populi,
941 3945 986 4007 qui
1004 3943 1143 4007 regionem
1162 3942 1258 3991 ltaliae
1277 3942 1384 4003 alpibus
1408 3950 1466 3987 ms-

416 4030 530 4095 ritimis,
554 4013 694 4093 Apennino
702 4068 712 4099 ,
743 4036 854 4085 Etruria
879 4041 906 4086 et
925 4037 1053 4100 ligustico
1076 4038 1145 4089 inari
1172 4034 1405 4096 ‹enciuuscriptan
1430 4032 1472 4081 in-

420 4122 556 4173 colebant.
574 4124 647 4174 Flet.
665 4127 692 4190 2,
712 4128 737 4178 ³.
755 4129 824 4178 Pliu.
843 4133 870 4195 ³,
888 4134 915 4192 t,
936 4133 960 4179 7.

278 4218 313 4266 V.
336 4217 396 4267 148.
416 4216 571 4276 Elysiis.
591 4217 627 4282 V,
646 4221 689 4269 50.

277 4309 313 4359 V.
335 4310 395 4359 102.
415 4308 464 4355 Ed.
484 4308 583 4356 venet.
602 4308 688 4372 legit:
758 4285 762 4291 Ι

418 4399 503 4459 Quem
522 4398 627 4459 pariter
638 4414 720 4452 curru
738 4402 824 4466 Virga
842 4403 973 4453 miserata
991 4404 1104 4453 1000101.

274 4490 310 4540 V.
333 4491 393 4543 iae.
412 4489 484 4539 Edit.
503 4490 628 4540 Veuettt:

417 4583 453 4633 Et
471 4582 644 4633 circumfusis
661 4585 766 4649 stagnis
784 4587 878 4651 gravis
896 4586 1006 4637 incubat
1024 4588 1080 4636 atr.
