3634 5667
309 471 437 639 'res
722 518 966 589 uranu
1014 518 1094 611 vu.

319 715 415 788 Bina
437 712 603 789 mieont‘?
632 730 673 786 ut
695 712 798 786 dicto
821 729 992 814 stupent,
1017 712 1216 817 pavidique
1239 716 1426 795 recedunt*
1471 730 1521 805 70

319 834 473 908 Externi
497 832 684 935 agricolae
696 886 708 927 ,
733 834 983 934 monstrisque
1007 835 1193 909 simillima
1218 841 1402 915 narrant?

317 935 466 1030 ¹Verane
493 980 589 1054 quae
612 952 839 1056 perhibent?
863 948 1009 1029 ienisse
1035 957 1198 1033 Orientis
1219 958 1273 1053 ab
1300 986 1368 1034 ora

315 1074 417 1147 Illius
443 1073 493 1148 ed
517 1100 632 1148 eunas
655 1100 778 1174 reges,
803 1076 1005 1176 humilique
1031 1104 1227 1172 eorum-eum

313 1196 504 1270 insedisse
530 1194 601 1268 lari
625 1193 799 1299 steilam?
824 1196 1022 1296 vinetaque
1048 1199 1183 1272 eodem

316 1319 526 1418 Tempora,
550 1316 683 1390 bruma
705 1316 795 1388 licet
818 1315 919 1390 foret
933 1338 1088 1419 aspere,
1113 1320 1211 1393 eolle
1229 1322 1442 1422 propinquo
1469 1340 1518 1407 75

315 1434 538 1513 Vernasse‘?
563 1437 739 1509 Auditum
763 1438 836 1509 boe
861 1456 1070 1511 memorant
1096 1466 1118 1511 a
1142 1441 1277 1513 Beride
1302 1442 1478 1540 quadam,

317 1560 423 1659 Quae
448 1558 561 1633 modo
589 1558 729 1630 Sunem
754 1557 899 1631 habitat
922 1576 1039 1659 nupta
1062 1558 1139 1632 illic
1146 1588 1159 1656 3
1183 1562 1341 1662 ipsaque
1365 1562 1479 1637 flores

316 1682 494 1752 Testatur
519 1678 730 1780 quondam,
758 1695 869 1777 atque
894 1706 984 1754 uvas
1008 1680 1143 1754 vidisse
1167 1698 1353 1759 recentes.

317 1799 395 1872 Sed
420 1799 510 1900 quid
535 1826 605 1899 ego
617 1800 713 1871 haee
731 1798 844 1898 longe
860 1824 1017 1891 revocO,
1044 1818 1155 1900 atque
1174 1802 1326 1900 antiqua
1339 1800 1519 1879 revolvo?

314 1930 376 1995 An
401 1948 478 1993 non
503 1922 599 1993 haee
622 1919 764 2020 pariter
788 1917 898 1991 nobis
923 1919 1165 1992 memoranda
1191 1922 1362 2014 canebat,
1468 1936 1519 2006 80

314 2043 457 2142 Hisque
483 2043 594 2113 etiam
617 2040 761 2137 majora
782 2040 921 2139 hospes
947 2041 1125 2114 narrabat
1149 2039 1291 2116 Jonas?

314 2164 413 2263 Quin
440 2163 571 2255 etiam,
597 2177 747 2232 nostros
773 2183 857 2230 eum
881 2158 927 2231 lis
947 2159 1047 2233 foret
1070 2162 1168 2233 inter
1195 2180 1366 2235 amantes

314 2284 567 2384 (Quamquam
592 2281 665 2354 alio
692 2298 728 2353 te
754 2278 822 2352 sub
849 2278 957 2351 coelo
981 2297 1070 2355 tune
1094 2284 1276 2383 Memphis
1300 2282 1491 2384 baberet),

312 2403 394 2477 Sub
419 2421 568 2477 noctem
592 2402 719 2503 pueris
743 2398 943 2473 manifesta
968 2400 1008 2473 in
1032 2402 1115 2475 luce
1140 2422 1294 2503 repente

308 2527 420 2599 Dona
444 2524 570 2597 ferens
595 2521 756 2617 aderas,
785 2521 991 2622 eademque
1017 2523 1163 2597 invecta
1187 2549 1257 2624 per
1282 2549 1391 2599 auras
1465 2541 1512 2609 85

312 2644 522 2719 Arboribus
547 2668 680 2743 super,
706 2659 818 2742 atque
844 2645 942 2717 inter
968 2668 1059 2719 eave
1082 2643 1210 2716 nubila
1235 2644 1315 2717 visa
1340 2669 1380 2717 es

312 2770 394 2840 Iotu
416 2764 518 2838 oculi
540 2787 741 2865 praesens,
767 2761 853 2841 dum
879 2782 1072 2837 tenemus
1097 2764 1194 2837 inter
1220 2790 1380 2866 opaeum

313 2885 550 2985 Quaerimus,
577 2902 614 2957 et
637 2884 716 2955 nati
739 2884 916 2958 miramur
940 2878 1095 2959 munera
1119 2884 1248 2963 fontis.

312 3010 369 3081 Ex
392 3005 457 3077 illo
483 3003 628 3079 attoniti
652 3028 748 3102 quae
772 3006 905 3078 Divum
930 3022 1078 3081 ostenta
1100 3005 1263 3077 tuemur!

314 3126 414 3227 Quot
437 3143 539 3197 vates
561 3124 749 3196 horrenda
774 3128 945 3199 monent!
972 3150 1068 3225 quae
1092 3125 1171 3197 visa
1194 3134 1403 3224 reportant!
1461 3146 1509 3212 90

312 3247 389 3348 Ipsi
415 3246 526 3319 etiam
550 3247 670 3318 nostri
695 3270 780 3317 eum
802 3247 982 3319 matutina
1002 3243 1154 3319 bubulci

313 3370 492 3440 Armenta
518 3364 679 3439 educunt
704 3366 876 3457 stabulis,
901 3391 971 3467 per
995 3365 1162 3465 gramina
1186 3378 1336 3464 sparsos

310 3488 503 3562 Inveniunt
527 3487 661 3577 flores,
687 3488 961 3588 peregrinaque
985 3486 1063 3557 lilia
1087 3484 1237 3584 passim.

310 3609 491 3684 Mirantur
514 3607 618 3698 loca,
643 3609 709 3707 qui
732 3609 877 3709 possint
905 3632 951 3679 ea
975 3605 1136 3680 eandida
1160 3604 1259 3677 ferre

311 3728 510 3821 Germina,
535 3728 815 3829 quaesitumque
841 3727 924 3801 diue
952 3742 1190 3825 extremoque
1217 3743 1418 3825 repertum,
1460 3744 1508 3814 95

312 3850 395 3949 Qus
417 3850 486 3923 tibi
493 3903 505 3941 ,
532 3874 607 3949 qua
630 3874 749 3949 puero
773 3847 959 3922 interdum
984 3873 1091 3920 mora
1115 3846 1217 3921 faeta
1241 3871 1310 3945 per
1335 3873 1458 3948 agros,

310 3968 410 4042 Alba
432 3970 586 4071 ligustra
608 3971 686 4045 illie
711 3970 906 4068 violasque
933 3992 1126 4069 erumpere
1145 3965 1196 4041 od
1219 3992 1341 4060 auras,

311 4347 346 4399 V.
382 4350 427 4399 Ἦ.
446 4348 552 4399 Suus.
574 4347 632 4399 cfr.
649 4348 698 4416 Ν,
716 4351 760 4400 07.

278 4537 283 4548 Ι
311 4481 346 4533 V.
382 4484 427 4535 81.
445 4483 560 4535 Jonas
582 4483 754 4536 camelarius.
792 4478 912 4536 cinlib.
929 4482 952 4551 l,
976 4482 1011 4534 69
1026 4494 1104 4559 seqq.¹
1125 4482 1176 4535 160
1195 4494 1271 4549 seqq.
1383 4480 1386 4489 ’

311 4614 348 4667 V.
382 4617 735 4685 8t.htem1rhis.1,8*t.
