3634 5667
1458 543 1531 614 X!

328 782 467 854 partibus,
491 785 612 836 maxime
630 783 738 846 quidem
763 779 798 832 ab
821 776 973 830 academiis
991 772 1166 828 Germaniae.
1203 775 1258 826 Sed
1275 775 1374 828 ltaliae
1396 773 1531 828 literatis·
1625 791 1627 798 ·

328 893 392 941 siml
418 903 480 940 eum
506 888 721 938 familiarissime
747 862 927 948 adhibebant,
960 884 991 930 ut
1015 883 1096 932 modo
1117 877 1251 945 judicium
1276 875 1337 944 ejus
1363 879 1533 945 acciperent,

332 997 413 1045 modo
437 994 541 1056 aliquid
563 993 673 1041 tandem
697 990 885 1054 requirerent,
915 991 943 1035 et
961 985 1092 1035 elicerent
1110 998 1145 1034 ex
1162 995 1196 1035 eo
1215 983 1355 1046 epistolas.
1393 984 1452 1043 Quo
1470 983 1532 1033 iue-

334 1104 397 1149 runt
415 1099 444 1147 in
460 1108 574 1146 numero
591 1094 783 1158 vivianus,
809 1090 1018 1156 liegalinus,
1043 1087 1241 1153 Bellienus,
1268 1086 1488 1137 §accinctius
1506 1088 1545 1136 et‘

332 1202 517 1252 Grandius.
563 1198 599 1248 lli
624 1201 681 1246 arm
707 1197 961 1246 mathematicorum
986 1192 1015 1241 in
1041 1191 1121 1241 ltalia
1144 1191 1282 1253 principes
1308 1191 1532 1242 numerabantur.

332 1305 388 1352 sed
415 1315 476 1352 cum
494 1301 652 1351 Guidone
670 1301 825 1350 Grandia
850 1297 971 1346 maxima
996 1294 1023 1342 ei
1046 1289 1246 1357 amicitiarum
1263 1297 1299 1346 ad
1315 1295 1438 1344 ultimam
1455 1296 1535 1344 aeta-

331 1411 405 1467 tem3
436 1408 464 1454 et
487 1406 534 1453 ille
557 1416 694 1466 nunquam
717 1415 772 1451 nou
795 1403 831 1450 ad
848 1411 911 1448 eum
929 1395 1093 1447 amicissime
1111 1399 1236 1464 scripsit,
1263 1403 1311 1449 aut
1328 1400 1364 1449 ad
1381 1407 1535 1460 quenquam

332 1513 387 1560 buc
410 1509 507 1560 literas
529 1508 620 1574 misit,
648 1507 713 1569 quin
738 1518 799 1554 cum
822 1490 1057 1567 indulgentissimo
1082 1502 1199 1562 quodam
1215 1515 1299 1552 sensu
1317 1501 1433 1552 Gerae
1451 1501 1537 1556 etiam

332 1614 451 1662 salutem
469 1613 600 1661 mitteret.
620 1611 679 1670 0110
697 1590 786 1673 magis
803 1609 935 1658 miramur
952 1607 1093 1655 auctorem
1112 1617 1183 1670 cum,
1204 1607 1250 1669 qui
1267 1606 1361 1659 libello
1379 1605 1539 1656 memoriam

338 1728 432 1765 rerum
450 1713 654 1776 comprehendit
671 1714 705 1761 de
725 1712 870 1762 Grandii
886 1710 948 1760 vita
970 1708 1119 1767 [Memoria
1137 1710 1312 1770 perservire
1336 1711 1394 1768 alla
1410 1710 1477 1761 vita
1494 1709 1539 1760 del

336 1819 367 1868 P.
386 1819 475 1866 Abate
493 1818 526 1866 1).
547 1817 636 1866 Guido
655 1816 769 1866 Grandi.
804 1814 876 1864 Vide
895 1811 1083 1876 ephemerides
1100 1811 1241 1863 literarias
1258 1825 1285 1864 a.
1305 1815 1384 1866 iria.
1402 1825 1465 1878 pag.
1484 1813 1538 1880 4.],

334 1921 456 1982 quisquis
480 1920 528 1970 ille
554 1922 597 1968 est
619 1921 740 1984 demum,
769 1930 835 1967 nam
857 1918 886 1967 iu
902 1916 1019 1966 Venetis
1041 1914 1214 1965 literatorum
1243 1915 1340 1982 fastis,
1368 1917 1394 1969 si
1416 1915 1538 1982 memini,

334 2023 464 2088 vapulat,
488 2022 609 2084 malique
627 2023 711 2072 animi
728 2021 902 2071 iusImulatur
919 2020 1044 2084 scriptor,
1055 2020 1229 2082 anonymum
1256 2021 1306 2069 sed
1323 2023 1353 2072 ut
1371 2022 1428 2087 est,
1455 2019 1541 2070 mira·

335 2139 397 2176 mur
422 2125 579 2190 affirmare,
605 2125 797 2176 Grandium
822 2124 979 2184 suscepisse
1007 2135 1074 2185 cum⁴
1088 2121 1181 2175 Ceva
1198 2125 1357 2176 inimicitias
1384 2122 1540 2186 (quas‘ullo

333 2243 389 2281 uon
412 2233 537 2290 tempore
560 2229 666 2278 destitit
690 2240 752 2276 cum
769 2227 933 2277 clarissimis
950 2227 1020 2276 viris
1037 2239 1152 2294 gerere,
1180 2229 1205 2278 si
1222 2229 1290 2278 tides
1308 2228 1407 2278 dubiae
1424 2227 1488 2283 fidei
1504 2227 1542 2280 ait

334 2333 491 2382 adhibenda
514 2332 672 2397 scriptori),
705 2332 799 2394 itaque
817 2331 902 2380 etiam
920 2342 983 2390 eum
1001 2331 1126 2392 graviter
1143 2330 1275 2382 multasse
1292 2331 1458 2396 pervulgato
1478 2343 1542 2384 car·-

335 2436 418 2487 mine.
455 2437 493 2484 At
510 2435 672 2500 Grandii,
692 2447 728 2484 an
745 2447 827 2484 secus
844 2433 948 2482 fuerint
965 2444 1082 2498 versus„
1094 2447 1147 2483 nou
1166 2431 1245 2498 bujus
1263 2439 1306 2485 est
1322 2435 1377 2486 loci
1396 2447 1541 2498 quaerere.

335 2539 418 2589 Certe
437 2539 545 2601 quidem
563 2538 610 2588 ille
627 2539 720 2588 missis
737 2539 773 2587 ad
791 2534 918 2587 (levam
935 2535 1040 2600 literis,
1070 2536 1104 2585 ab
1123 2549 1153 2586 se
1173 2537 1337 2590 calumniam
1354 2538 1477 2600 pluribus
1495 2541 1538 2590 est

333 2645 513 2708 deprecatus,
541 2643 710 2706 negavitque
734 2635 796 2704 ejus
813 2638 936 2689 amicitia
954 2636 1100 2704 quidquam
1116 2639 1169 2688 sibi
1186 2641 1277 2704 potius
1295 2653 1376 2692 esse.
1403 2639 1484 2692 ame
1502 2641 1539 2695 ad

335 2747 490 2808 incoeptum
509 2747 603 2796 redeo.

402 2881 561 2947 lnsubriae,
579 2884 611 2930 ut
627 2883 686 2929 tum
703 2880 783 2929 erant
800 2891 862 2944 res,
880 2878 966 2928 latum
985 2879 1101 2943 gerebat
1117 2878 1261 2941 imperium
1277 2894 1327 2943 pro
1344 2881 1538 2944 Hispaniarum

336 2995 403 3048 rege
427 2985 581 3034 Didacus
606 2979 796 3043 l’bel‘ippez
812 2985 863 3031 'de
881 2984 1032 3032 Guzuran
1050 2983 1172 3034 Marobio
1199 2987 1232 3034 de
1251 2985 1430 3052 Leganes,
1450 2981 1540 3051 [cujus

337 3059 479 3137 doetrinae
492 3088 590 3137 notitia
603 3088 758 3136 continetur
768 3085 918 3148 volumine,
938 3085 1009 3148 quod
1025 3089 1067 3134 est
1079 3089 1113 3137 ab
1128 3087 1176 3138 illo
1190 3091 1372 3151 conscriptum
1384 3089 1523 3151 hispanice
1528 3101 1540 3152 3

337 3193 434 3252 estque
460 3191 556 3239 titulus
580 3192 614 3239 de
637 3188 759 3238 Palladia
784 3189 887 3239 subola.
905 3184 939 3247 *l
983 3189 1035 3238 liic
1063 3192 1189 3252 quioniam
1217 3189 1425 3243 mathematicas
1450 3191 1541 3244 studio

336 3292 482 3353 plurimum
501 3292 682 3354 efferebatur,
713 3291 842 3352 quamdiu
860 3291 1008 3340 Mediolani
1027 3291 1098 3357 tuit,
1119 3290 1248 3344 Geram
1266 3294 1541 3364 praecipuedilexit,

327 3397 371 3441 -ut
389 3407 468 3443 nemo
487 3395 514 3444 el
532 3395 624 3444 carior
639 3392 725 3442 fuerit
744 3395 792 3441 aut
811 3391 984 3442 familiarior.
1020 3397 1132 3446 Amavit
1154 3402 1246 3448 autem
1271 3413 1331 3449 cum
1350 3402 1462 3461 propter
1483 3399 1543 3448 stu-

341 3497 449 3545 diorum
467 3497 698 3560 communionem,
726 3497 784 3543 tum
811 3498 906 3557 captus
930 3497 1056 3546 bominis.
1069 3505 1184 3565 natura,
1214 3501 1244 3550 in
1267 3513 1320 3564 quo
1343 3501 1454 3552 virtutis
1471 3502 1543 3552 mira

338 3599 446 3651 indoles
468 3600 603 3654 elucebat.
640 3599 672 3648 ln
690 3609 723 3648 eo
748 3598 820 3646 enim
841 3599 1010 3654 suavitatem
1038 3606 1145 3653 constat
1162 3615 1296 3654 stammam
1313 3603 1411 3671 tuisse,
1430 3603 1541 3656 lenissi-

338 3714 400 3752 mos
423 3715 526 3770 mores,
550 3680 670 3768 gratiam
694 3702 847 3750 mirificam.
883 3702 953 3764 Erat
975 3705 1101 3770 gravitas
1125 3710 1154 3758 et
1185 3719 1247 3758 curu
1269 3709 1409 3774 gravitate
1429 3703 1542 3772 junctus

339 3806 505 3856 urbanitatis
522 3818 578 3856 non
594 3805 736 3871 scurrilis,
754 3804 804 3854 sed
820 3805 952 3872 simplex,
987 3807 1107 3864 refertus
1139 3811 1249 3876 ingenio
1276 3816 1304 3861 et
1331 3814 1422 3864 animo
1448 3812 1542 3874 lepos3

339 3910 399 3957 tum
415 3909 495 3960 vocis
509 3911 637 3969 suavitas
656 3914 684 3970 et
700 3910 771 3959 lenis
789 3921 888 3959 vocum
907 3909 1055 3972 appellatio
1073 3911 1102 3962 in
1116 3914 1311 3968 cousuetudine
1330 3916 1541 3982 dicendi,·quee

340 4011 426 4060 etiam
442 4011 515 4064 solet
533 4013 602 4063 bene
619 4013 750 4075 loquendi
768 4012 871 4061 famam
890 4013 1035 4068 conficere.
1072 4013 1130 4064 Nos
1149 4016 1256 4077 quidem
1262 4050 1273 4083 ,
1304 4020 1350 4084 qui
1369 4032 1401 4070 eo
1419 4017 1540 4068 familia-

338 4115 450 4165 rissime
467 4115 511 4170 usi
527 4131 638 4182 sumus,
659 4119 690 4168 et
706 4116 896 4168 adolescentes
916 4116 1125 4168 observavimus
1142 4131 1253 4185 senem,
1273 4122 1328 4170 tam
1346 4117 1407 4190 ejus
1425 4133 1541 4178 conseret·

337 4220 404 4268 tudo
425 4219 596 4286 delectabat,
623 4218 747 4269 utnulla
772 4219 847 4266 esset
864 4217 1032 4270 amoenitate
1050 4223 1078 4269 et
1096 4223 1188 4286 gratia
1206 4224 1355 4287 conffiticr3
1383 4235 1537 4288 magnoque

340 4332 426 4382 opere
443 4323 611 4374 mirabamur
627 4322 748 4386 quotidie
766 4321 862 4382 plenos
879 4321 1009 4372 literatae
1021 4325 1172 4374 senectutis
1188 4337 1339 4378 sermones.
1375 4327 1417 4378 Eo
1436 4327 1540 4380 facturn

337 4427 398 4489 est,
423 4428 454 4474 ut
470 4426 593 4476 Marabio
617 4427 652 4476 de
675 4425 838 4489 Leganes
862 4424 940 4474 ilium
963 4437 1065 4490 magna
1092 4428 1303 4490 amplecteretur
1333 4429 1538 4500 benevolentia,

340 4651 375 4713 i⁶)
387 4656 513 4706 Escuela
531 4659 564 4706 de
582 4657 659 4708 Palla
668 4690 678 4722 ,
697 4671 713 4708 o
731 4669 782 4708 sea
800 4657 887 4709 Curso
905 4662 1107 4728 mathematico.
1127 4663 1220 4712 liliian.
1241 4663 1319 4721 itae,
