3634 5667
670 554 916 670 ntnnffln
953 513 1019 626 lv,

296 753 541 854 Scrutarique
565 749 713 826 datum:
740 731 917 851 quodque
942 746 1163 824 admirabile
1183 748 1296 846 dictu,-

291 877 395 952 Illius
419 877 460 948 in
484 891 564 948 tota
587 871 791 947 resonabat
812 869 944 946 vocula
969 894 1106 960 eremo,

292 997 424 1097 Exigui
447 996 487 1067 in
510 1020 654 1095 rnorem
677 993 758 1066 litui
782 991 999 1094 argentique
1024 988 1163 1064 canori.

294 1119 419 1216 Saepe
442 1115 602 1190 viatores
627 1115 742 1187 mirus
756 1140 877 1188 sonus
902 1110 966 1184 ille
991 1109 1138 1199 fefellit,

292 1237 554 1337 Implexosque
580 1237 644 1308 diu
664 1233 800 1329 tenuit,
826 1251 1030 1332 noctesque
1057 1230 1212 1330 diesque
1280 1291 1285 1322 κ

293 1361 476 1431 Erravere
501 1358 598 1459 jugis
624 1357 706 1448 alii,
733 1379 827 1456 quos
847 1371 954 1426 antra
975 1353 1170 1443 vocabant,

294 1477 582 1577 speluncaeque
608 1502 720 1552 cavae
745 1501 958 1568 nemorum,
986 1491 1024 1544 et
1047 1471 1192 1548 vocalia
1216 1497 1317 1558 saxa.

293 1599 362 1670 Ille
386 1597 530 1673 habitat
553 1623 684 1698 rupem
708 1622 786 1668 non
808 1592 1155 1695 vestigabilisnrlli„
1369 1646 1373 1653 ·
1442 1607 1488 1690 20

297 1722 348 1789 Et
371 1717 483 1790 modo
507 1735 660 1791 venatur
686 1717 866 1790 silvestria
891 1714 1010 1788 sicubi
1035 1713 1158 1804 mella,

296 1840 407 1910 Nunc
432 1838 566 1933 scabra
591 1837 704 1935 silice
718 1837 899 1926 immissa,
927 1833 1122 1935 digitisque
1147 1831 1291 1934 pusillis

294 1957 487 2030 Sollicitat
511 1959 635 2048 rimis,
662 1983 730 2030 sua
751 1957 891 2058 pabula
915 1981 1067 2054 nempe,
1094 1938 1271 2036 locustas.

186 2124 195 2131 „
293 2080 380 2150 Huc
405 2079 514 2179 igitur
538 2078 726 2179 peregrini
749 2076 860 2150 ambo
882 2103 951 2176 per
977 2101 1097 2176 opaca
1121 2076 1261 2151 viarum
1424 2157 1425 2161 ,

295 2197 421 2270 Delati
445 2197 615 2273 obscuris
639 2199 733 2270 lucis
760 2214 797 2270 et
819 2197 974 2272 vallibus
999 2197 1116 2270 ibant.
1364 2189 1368 2198 l
1444 2209 1489 2278 25

294 2319 461 2396 Ventum
486 2315 566 2394 e'rat
590 2322 630 2392 in
654 2337 830 2394 montana
853 2316 983 2389 Endor
1008 2316 1209 2410 silvestria3
1236 2341 1397 2390 summus

296 2439 434 2511 Aestus
461 2458 559 2536 erat,
585 2460 717 2542 puteus
744 2439 812 2512 sub
837 2437 995 2509 collibus
1020 2438 1171 2527 unicus,
1196 2437 1296 2512 unde

298 2558 484 2633 Hauribat
509 2562 651 2659 gelidas
678 2560 797 2632 omnis
822 2556 957 2630 vicinia
980 2555 1162 2656 lymphas.

299 2679 384 2749 Heu
415 2678 525 2779 fuge,
551 2683 644 2755 Diva
669 2681 771 2781 poli,
794 2695 919 2750 torvus
944 2675 1004 2748 leo
1031 2677 1163 2748 circuit
1186 2677 1324 2749 undam
1400 2750 1403 2759 ,

297 2800 479 2896 Egressus
505 2801 614 2891 silva,
641 2819 753 2900 atque
780 2797 897 2870 oculis
923 2795 1008 2868 loca
1033 2821 1161 2870 saevus
1186 2797 1357 2872 oberrat:
1447 2812 1494 2880 50

297 2919 349 2988 At
374 2944 451 2991 non
476 2921 542 2993 illa
565 2921 669 2996 ferae
694 2916 1057 3021 ingentis-deterrita
1080 2916 1176 2990 rictu
1549 2910 1551 2922 '

299 3035 483 3112 Continuo
507 3018 549 3113 ut
571 3042 681 3120 vidite
705 3043 843 3114 Misera
861 3038 955 3110 haec
980 3036 1074 3129 sitit,
1099 3036 1236 3138 inquit,
1263 3037 1397 3114 anhela

297 3156 448 3230 Bellus:
473 3176 577 3235 tanta
600 3163 655 3234 illi
679 3162 799 3262 pietas
825 3175 1067 3258 maternaque
1093 3185 1194 3251 curs,
1322 3173 1328 3180 '

297 3279 348 3362 Et
371 3280 490 3350 teneri
515 3306 665 3378 sensus,
693 3284 851 3380 abiegna
875 3280 1044 3380 protinus
1069 3305 1174 3382 urna,
1535 3284 1546 3328 '

300 3397 488 3495 Compedc
515 3399 655 3476 ferrata
679 3406 835 3490 inserts,
859 3398 1040 3499 lapsuque
1066 3424 1204 3474 sonoro
1447 3411 1493 3480 55

299 3519 343 3587 ln
370 3542 554 3620 praeceps
578 3523 710 3614 missa,
737 3521 864 3596 teretis
889 3519 1066 3616 vertigine
1091 3521 1191 3593 torni

298 3637 431 3709 Hausit
446 3665 591 3738 aquam.
624 3644 821 3744 Impatiens
839 3639 1049 3742 quadrupes
1065 3640 1162 3739 pede
1179 3657 1302 3714 rectus
1324 3654 1495 3736 utroque,

299 3756 351 3828 Ut
374 3757 518 3832 stillans
544 3759 678 3834 educta
701 3763 776 3836 udo
802 3762 903 3836 stetit
929 3759 1062 3859 hydria
1086 3785 1187 3851 saxo,

300 3877 424 3976 Aeger
448 3877 554 3951 hians
579 3881 723 3981 gelidae
745 3882 930 3971 incubuit,
956 3880 1015 3952 cui
1040 3897 1158 3952 mater
1183 3881 1331 3972 amoris,

300 3995 351 4066 At
374 4013 436 4087 tu,
461 3999 599 4098 inquit,
625 4003 796 4102 gregibus
821 4003 978 4102 posthae
1003 4026 1050 4072 ne
1075 4001 1204 4072 noxius
1229 4001 1324 4092 ullis,
1450 4008 1496 4086 1ιῦ

300 4115 384 4185 Neu
411 4142 547 4215 pueros
571 4121 679 4194 laede
705 4123 891 4213 insontes,
918 4116 1130 4220 tenerisque
1156 4122 1320 4219 juvencis

301 4236 418 4306 Parce
441 4237 570 4334 ferox,
598 4222 805 4341 catulisque
831 4243 902 4316 tuis
928 4243 997 4316 hos
1021 4241 1198 4342 praecipe
1223 4267 1360 4316 mores.

302 4354 474 4453 Dumque
498 4359 594 4433 bibit
617 4362 721 4463 large
746 4389 870 4436 mersa
893 4363 1036 4438 cervice
1061 4381 1251 4436 comantes

307 4501 728 4523 Μ

291 4561 337 4611 ‘V.
353 4565 396 4615 26.
413 4567 530 4618 Endon
549 4574 614 4622 urbs
631 4573 660 4622 in
676 4575 749 4624 tribu
763 4578 890 4627 Manasse
898 4589 983 4641 prope
991 4576 1110 4628 montem
1126 4573 1224 4627 Tuber.
1241 4571 1283 4623 Cf.
1298 4571 1437 4638 Josuett,
1455 4571 1497 4624 11.
1631 4551 1632 4642 l

406 4659 486 4726 nn.
501 4663 561 4713 aas.
578 4665 686 4729 Autiqq.
696 4667 746 4735 v1,
764 4668 807 4719 14.
822 4669 849 4719 a.
1631 4647 1632 4734 l
