3634 5667
298 491 472 643 '50x
557 564 561 571 ⁴
772 553 1137 624 uranu-111.
1222 502 1225 512 ’

361 753 638 850 „lordonisqne
663 749 761 822 sacri
784 764 872 849 pete
895 748 1009 848 ripas.
1059 751 1127 820 Est
1150 745 1203 819 ibi
1227 745 1332 823 vallis
1481 763 1549 836 285

361 872 711 969 „Umbriferumque
735 871 775 942 in
799 868 893 943 valle
918 895 1070 961 nemus,
1096 868 1156 941 cui
1179 869 1347 967 proxima
1370 896 1496 971 rupes,

362 999 511 1094 „Atque
537 993 578 1065 in
598 1016 691 1092 rupe
716 989 858 1063 domus.
908 992 1009 1063 'I'uus
1034 991 1128 1069 haec
1154 987 1334 1062 silvestria
1358 1018 1493 1092 parrus

361 1119 508 1207 „Antra
531 1137 656 1212 nepos.
675 1109 837 1200 habitat,
862 1136 1085 1211 praecursor
1108 1109 1290 1182 Numinis.
1339 1112 1429 1185 Illuc

361 1236 559 1327 „Protinus
586 1233 641 1303 ire
666 1229 768 1328 jubet
793 1257 966 1333 superum
990 1233 1100 1302 Pater
1124 1248 1235 1328 atque
1258 1232 1449 1303 ¹hominum
1460 1237 1553 1324 Rex,

359 1361 511 1456 „Atque
534 1355 629 1425 haee
653 1351 753 1429 ferre
778 1351 882 1424 dedit
897 1351 1040 1424 celeres
1063 1350 1239 1422 mandata
1251 1377 1320 1450 per
1334 1379 1454 1427 auras,
1482 1371 1553 1440 290

278 1493 284 1509 “
359 1479 505 1574 „Surge
531 1499 617 1573 age,
645 1471 746 1545 clara
768 1475 870 1573 prius
896 1497 1008 1571 quam
1035 1471 1152 1544 solem
1175 1471 1343 1571 proferat
1366 1477 1454 1554 Eos.

361 1599 486 1686 „Nam
509 1578 628 1694 qualis
654 1611 886 1693 quantusque
912 1619 1002 1666 caro
1029 1619 1068 1666 se
1094 1617 1245 1664 carcere
1270 1591 1366 1664 fudit

359 1715 515 1806 „Turbo
539 1715 645 1811 niger
670 1714 835 1804 coelum,
859 1729 979 1786 terras
1002 1730 1039 1784 et
1062 1729 1203 1805 tartara
1226 1713 1406 1786 miscens!

361 1837 523 1925 „Dicere
548 1834 655 1934 plura
679 1842 823 1907 vetor.“
871 1831 935 1904 Sic
960 1833 1077 1923 fatus,
1103 1833 1217 1905 multa
1242 1833 1426 1906 volentem

342 1962 521 2030 =Poscere
547 1953 729 2043 deseruit,
753 1971 957 2051 tenuesque
985 1953 1141 2027 recessit
1165 1953 1205 2025 in
1230 1979 1351 2030 auras.
1484 1968 1553 2038 295

364 2078 477 2150 Ocius
502 2073 568 2146 illa
591 2075 698 2173 sequi
721 2072 898 2146 coelestia
921 2074 1022 2172 jussa
1046 2074 1204 2173 parabat

362 2199 547 2269 Auroram
571 2213 782 2296 expectans.
831 2194 964 2266 Rutilis
989 2194 1209 2268 nitidissima
1233 2191 1348 2268 stellis

365 2317 491 2396 Cernit
515 2314 636 2386 adhuc
663 2331 826 2389 convexa
849 2315 946 2415 polis
971 2314 1104 2414 procul
1128 2315 1274 2413 ignibus
1300 2311 1433 2385 ardent

364 2437 470 2510 Acris
495 2436 664 2509 immensi
688 2453 849 2531 tractus3
876 2453 986 2535 atque
1014 2459 1100 2509 arra
1124 2436 1302 2535 lacusque

363 2563 412 2630 Et
435 2582 590 2629 nemora
615 2574 652 2628 et
673 2574 817 2630 montes
842 2581 917 2629 nox
942 2556 1084 2656 obtegit
1109 2555 1184 2627 alta
1208 2555 1385 2628 tenebris.
1485 2567 1554 2636 300

461 2680 513 2751 At
534 2676 736 2749 metuenda
761 2679 861 2749 acies
886 2675 1001 2748 Erebi
1026 2695 1130 2749 vecta
1156 2687 1241 2748 aare
1268 2701 1384 2748 coeco

364 2801 446 2872 Ibat
468 2824 572 2872 more
598 2824 745 2897 gruum,
772 2814 961 2895 totamque
988 2796 1207 2870 immanibus
1232 2797 1299 2869 alis

293 2930 298 2955 ¹
364 2919 556 3017 Assyriam
579 2917 653 2989 late
665 2969 677 3004 ,
706 2935 817 3014 atque
843 2917 1006 2988 Arabum
1032 2916 1179 2990 deserta
1203 2917 1353 3017 tegebat
1361 2943 1374 3009 3

365 3038 467 3109 Nulli
491 3037 569 3111 visa
592 3053 734 3123 tamen,
758 3035 830 3106 nisi
854 3035 989 3108 felibus
1019 3039 1280 3135 armatisque,

369 3162 418 3230 Et
444 3155 598 3230 canibus
622 3172 736 3226 noctu
761 3156 839 3226 sine
864 3155 936 3226 fine
962 3156 1200 3244 latrantibus,
1228 3181 1292 3227 ore
1486 3169 1552 3236 305

347 3277 524 3371 ¹Sublato
552 3275 653 3346 atria
677 3274 727 3346 ad
752 3273 901 3376 spectra
923 3273 1193 3374 horribilesque
1219 3275 1433 3376 phalanges.

374 3465 771 3482 m

368 3599 404 3649 V.
423 3600 485 3651 tet.
499 3592 680 3648 Jordanis.
716 3593 777 3645 cfr.
795 3595 831 3663 11,
851 3598 912 3650 151.

370 3713 406 3763 V.
422 3711 716 3764 288.Praeeursor
744 3706 903 3760 Numinis
932 3710 951 3760 1.
975 3723 1000 3760 e.
1034 3710 1156 3761 Joannes
1177 3711 1316 3777 Baptista,
1348 3713 1503 3780 zachariae
1530 3721 1558 3766 et

473 3803 615 3854 Elimbeth
632 3799 714 3848 lilius.
735 3799 793 3849 cfr.
809 3803 904 3851 Matth.
928 3803 996 3868 3,1.
1019 3815 1079 3864 cap.
1100 3806 1144 3869 17,
1170 3806 1211 3856 1³.
1232 3805 1299 3852 Luc.
1313 3804 1339 3871 1,
1358 3807 1373 3854 11
1392 3818 1452 3868 sqq.

370 3915 406 3965 V.
418 3917 486 3980 193..
498 3915 611 3965 'turbo
632 3911 703 3978 (onis
720 3919 749 3963 et
763 3914 829 3972 iuis)
852 3915 924 3964 idem
948 3927 981 3966 ac
998 3919 1123 3967 turbator
1139 3917 1158 3966 1.
1176 3930 1201 3966 e.
1222 3917 1353 3967 diabolus.
1370 3920 1455 3979 Apoe.
1490 3955 1497 3970 .
1514 3923 1557 3975 11.

326 4044 330 4050 ’
371 4027 480 4081 Vim.
511 4028 583 4078 nott.
604 4029 704 4079 Venet.
727 4042 776 4091 pro
803 4031 910 4080 111111
939 4031 1096 4082 immensi
1117 4033 1264 4080 tractus
1293 4029 1312 4079 l.
1329 4013 1471 4082 Taenariis
1490 4033 1559 4086 celsi

475 4122 591 4170 montes.

370 4234 406 4284 V.
422 4235 482 4286 301.
500 4232 617 4284 Erebi.
636 4233 693 4284 011.
714 4234 736 4300 1,
757 4237 784 4285 ³.

373 4351 408 4399 V.
426 4351 486 4402 ³⁰8.
500 4346 670 4410 Assyrio.
695 4345 753 4396 cfr.
770 4347 818 4412 111,
835 4349 895 4399 147.

513 4439 653 4490 Arabes
668 4443 774 4498 partem
787 4442 870 4490 Asiae
894 4439 1066 4506 incolebant,
1089 4451 1158 4502 quae
1172 4441 1302 4494 terminos
1315 4443 1426 4494 betete
1442 4447 1558 4508 captent.

479 4532 588 4595 §ssiam
605 4530 630 4580 ct
643 4530 823 4599 Euphratem,
844 4533 879 4582 ab
898 4532 996 4584 orient.
1017 4533 1103 4582 sinum
1127 4527 1282 4595 persicum,
1310 4537 1345 4584 ab
1362 4546 1453 4584 occas.
1470 4525 1559 4586 sinum

480 4625 637 4690 arcticum,
666 4629 725 4675 eto
738 4623 833 4675 merit.
856 4635 932 4674 mare
947 4624 1088 4674 eretricum
1104 4624 1165 4674 sive
1184 4630 1289 4688 partem
1306 4625 1407 4678 Oceani
1423 4627 1514 4676 indici.
