3634 5667
680 500 921 586 ursan
963 513 1027 589 1v.
1133 478 1140 488 ’

306 714 491 788 Continuo
515 737 633 814 pagos
657 710 816 812 vulgarit
838 709 941 817 lama
963 733 1033 812 per
1057 735 1208 809 omnes,

302 838 428 933 Atque
452 834 541 907 illue
564 832 701 906 multae
725 831 923 932 indigenae
948 855 1082 906 venere
1106 831 1268 932 puellae,

303 955 411 1056 Quae
434 952 593 1027 miserae
618 953 730 1026 elusis
754 954 849 1028 votis
871 953 913 1025 in
931 968 1033 1025 tenta
1056 950 1242 1026 redibant.

300 1073 411 1146 Multi
425 1049 537 1146 etiam
554 1075 719 1148 thalamo
732 1074 928 1176 pulchram
943 1073 1017 1148 sibi
1030 1072 1184 1174 jungere
1198 1072 1401 1178 nympham
1426 1083 1498 1158 255

302 1195 489 1296 Optavere
512 1195 644 1295 proni,
670 1219 765 1296 quos
788 1188 992 1268 illnerosa
1015 1195 1168 1268 maritos

299 1319 482 1390 Aversata
506 1316 601 1417 fugit
608 1370 620 1408 ,
646 1342 800 1390 nemora
820 1316 919 1388 inter
941 1314 1101 1388 frondea
1126 1315 1238 1389 vitam

299 1442 487 1511 Eraotura
510 1439 660 1512 brevem
671 1464 684 1532 3
709 1461 870 1536 namque
894 1435 999 1509 illam
1023 1436 1156 1509 funere
1181 1433 1320 1510 acerbo

297 1561 403 1633 Mors
427 1559 512 1633 tulit
534 1558 732 1659 impatiens
757 1572 902 1657 septem
925 1573 1013 1657 post
1035 1557 1162 1633 invida
1185 1557 1307 1630 lunas.

398 1679 584 1753 Historiae
593 1680 687 1752 haec
697 1676 826 1751 series.
861 1679 1010 1752 Nomen
1021 1679 1226 1778 longinqua
1238 1693 1400 1753 vetustas
1425 1685 1497 1764 tto

296 1799 473 1899 Improba
496 1799 692 1901 surripuit,
717 1823 814 1897 quae
840 1823 930 1871 saxa
953 1815 1066 1898 atque
1094 1823 1183 1872 aera
1207 1798 1369 1899 maligno

296 1921 420 1991 Dente
443 1920 542 1994 terit.
591 1922 733 1995 Verum
756 1943 826 2010 ne,
850 1920 975 2022 virgo,
999 1921 1130 2020 ignota
1152 1920 1309 2020 vageris,

294 2041 482 2139 Dictaque
506 2038 557 2113 ad
581 2040 776 2113 arbitrium
797 2038 916 2138 vulgi,
941 2058 982 2113 ut
1004 2041 1121 2132 solet,
1147 2066 1216 2114 ora
1239 2063 1431 2142 pererras,
1468 2025 1471 2032 ’

293 2161 384 2234 Non
410 2185 479 2259 ego
504 2158 551 2232 de
576 2160 689 2261 plebe
712 2159 893 2254 obscura,
919 2187 991 2235 nee
1012 2162 1203 2262 perbrevis
1230 2150 1311 2236 aevi

295 2279 692 2379 cognomentaferam.
742 2284 919 2380 Magnum
944 2299 982 2354 et
991 2282 1234 2357 memorabile
1250 2305 1388 2354 nomen
1420 2287 1491 2365 245

292 2403 381 2502 lpsa
405 2427 531 2492 sunm,
557 2401 695 2500 agresti
719 2402 904 2500 quamtis,
928 2403 997 2474 tibi
1023 2402 1236 2502 commodat
1259 2404 1370 2475 Anna

291 2521 425 2611 Auria,
450 2520 691 2621 Pamphyliae
716 2521 837 2619 gentis
862 2520 998 2616 denus,
1024 2523 1108 2623 ipsa
1132 2523 1259 2597 vocari

289 2642 549 2743 Pamphyliam
572 2641 679 2735 sinit,
712 2658 751 2712 et
774 2641 897 2740 patrio
922 2643 1145 2742 cognomine
1170 2643 1299 2722 donat.

290 2765 443 2862 Tuque,
469 2788 585 2864 genus
612 2761 714 2835 olaro
739 2763 903 2835 Heroum
928 2762 976 2835 de
1002 2764 1181 2863 sanguine
1206 2761 1359 2854 ducens,

290 2881 478 2976 silvestris
505 2883 676 2955 meritum
699 2907 748 2954 ne
769 2881 974 2983 dedignare
997 2885 1168 2985 puellae:
1416 2895 1489 2966 25⁰

287 3003 463 3101 Namque
487 3003 549 3074 hio
574 3004 746 3101 antiquus
774 3028 867 3077 mos
881 3007 1024 3079 eunctis
1049 3005 1205 3096 vatibus,
1230 3025 1359 3079 aevum

287 3122 475 3196 Adversus
500 3121 750 3220 ferrugineum
773 3123 1041 3199 immortalibus
1069 3126 1124 3197 uti

287 3240 528 3330 Nominibus,
555 3243 699 3342 quoties
725 3243 839 3316 Musis
866 3246 1018 3343 gentilia
1043 3245 1188 3319 desunt.

286 3366 369 3436 Neo
394 3363 484 3434 mihi
500 3363 558 3434 fas
574 3338 696 3434 modo
722 3360 827 3458 (nam
850 3386 1055 3466 properant
1077 3371 1155 3478 jam
1169 3365 1337 3471 proxima
1361 3380 1484 3436 metae

286 3484 479 3582 Carmina)
504 3481 675 3582 longaevi
698 3507 829 3557 causas
856 3487 1023 3561 evolvere
1046 3491 1150 3588 juris.
1409 3499 1481 3566 25⁵

283 3607 354 3677 Est
376 3604 453 3676 tibi·
468 3603 651 3676 Romuleo
674 3602 715 3673 in
739 3602 857 3677 Pindo
882 3630 1079 3704 germanus
1103 3612 1253 3716 Apollo,

284 3856 319 3906 v.
332 3858 397 3911 234.
413 3857 488 3907 Edit.
502 3856 602 3907 venet.
614 3868 663 3919 pro
678 3857 743 3906 mis
753 3869 836 3909 erae
849 3859 869 3910 l.
883 3863 984 3913 tamen

284 3969 319 4018 v.
336 3972 399 4021 248.
414 3969 631 4032 Pamphylia
653 3969 731 4034 regio
749 3972 834 4024 Asiae
849 3974 963 4052 mlnoris
976 3978 1011 4028 ad
1021 3975 1099 4030 mala
1111 3976 1350 4031 mediterraneum.

283 4069 318 4120 v.
337 4072 400 4122 aas.
419 4072 553 4123 Pindus
571 4057 711 4138 (Πίνδος)
734 4077 1006 4146 mensunusum,
1038 4080 1069 4131 tn
1087 4093 1156 4147 quo,
1183 4082 1224 4132 un
1248 4083 1277 4133 tn
1294 4083 1430 4132 Parnasso
1448 4083 1478 4132 et

386 4164 536 4231 Helieone,
555 4169 651 4217 Musae
669 4169 849 4218 eonoonntnr.
884 4171 953 4220 Plin.
971 4183 1092 4233 prooem.
1120 4174 1136 4223 1
1155 4176 1183 4222 et
1199 4173 1265 4223 ibid.
1284 4174 1311 4239 8,
1332 4175 1373 4225 ts.
1393 4173 1472 4238 virg.

386 4254 481 4320 Eulog.
501 4259 545 4322 1⁰,
564 4258 606 4309 11.
625 4259 773 4308 Romuleus
790 4260 889 4309 Pindus
907 4261 926 4311 i.
946 4272 973 4324 q.
991 4263 1071 4314 sedes
1089 4263 1194 4314 Romm.
1213 4268 1365 4326 poetarum.

439 4349 634 4398 Germanus
652 4352 794 4412 Apollo.
814 4349 924 4411 [Gora
942 4353 1071 4404 adnotat:
1086 4355 1213 4404 Bened.
1232 4355 1473 4418 pamphylius

384 4439 415 4488 8.
433 4451 502 4490 runt.
521 4441 621 4490 eccles.
640 4442 815 4500 cardinalis).
857 4443 1083 4506 Pamphilius
1101 4449 1171 4504 (nat.
1192 4447 1270 4512 test,
1288 4450 1368 4498 mort.
1386 4448 1470 4506 17³0)

384 4534 468 4592 poeta
485 4536 514 4581 et
530 4537 640 4599 orator,
658 4533 862 4599 Epigrammata
868 4570 880 4602 ,
917 4535 1007 4602 odas,
1043 4537 1187 4590 orationes
1210 4538 1320 4601 aliaque
1347 4541 1466 4603 scripsit.

384 4621 443 4672 ctr.
461 4625 640 4678 Mandonii
656 4627 822 4679 bibliotheca
837 4635 972 4680 romano!
