3634 5667
270 613 383 683 vlu

269 849 366 906 terune
384 852 500 906 canem,
518 821 703 892 non'minima
719 841 747 892 in
764 842 854 908 gloria
870 842 978 894 fuisset.
1015 846 1051 894 At
1069 846 1137 896 haec
1155 846 1191 896 ad
1208 852 1330 903 nostram
1348 862 1464 902 consue-

266 949 386 996 tudinem
403 957 458 994 nou
474 945 626 1010 pertinent,
644 944 731 1010 igitur
746 945 911 996 videbuntur
928 947 1049 999 fortasse
1066 949 1174 1008 leviora
1193 956 1241 1007 aut
1258 953 1350 1014 potius
1368 955 1464 1018 gravi-

266 1055 325 1124 tate
348 1061 401 1099 non
425 1049 508 1112 digna
531 1046 586 1097 viri
611 1046 752 1108 sapientis.
790 1050 851 1117 Sed
869 1062 924 1101 nou
948 1051 1008 1113 pari
1031 1053 1111 1102 modo
1136 1019 1255 1105 arbitror
1276 1057 1347 1116 apud
1367 1068 1461 1108 omnes

257 1144 347 1223 iore,
377 1153 424 1216 qni
445 1152 532 1202 sciam
555 1152 651 1211 poetas
674 1149 803 1202 tibiarum
828 1157 909 1203 cantu
928 1155 1014 1205 terme
1033 1157 1165 1207 delectari
1184 1162 1212 1207 et
1229 1159 1335 1208 musica
1353 1160 1461 1221 solem

210 1329 214 1332 ἢ
268 1259 315 1309 vel
338 1261 451 1321 propter
473 1254 692 1320 similitudinem,
720 1267 792 1345 ¹spirae
814 1255 887 1306 luter
907 1238 995 1322 genus
1018 1263 1162 1324 utrumque
1180 1261 1340 1327 intercedit,
1368 1273 1463 1324 quam·

268 1363 363 1412 obrem
381 1361 427 1424 qui
445 1372 481 1409 ex
497 1361 619 1417 tempore
636 1369 736 1406 versus
752 1356 878 1425 fundunt,
895 1360 986 1410 solent
1004 1365 1119 1414 excitari
1130 1365 1165 1415 ad
1176 1366 1337 1414 chordarum
1350 1377 1462 1428 sonum3

266 1466 315 1516 vel
331 1464 446 1526 denique
470 1459 543 1526 quod
566 1459 763 1520 compositione
786 1465 852 1523 apta
875 1467 1108 1531 consensioneque
1128 1469 1267 1517 commode
1285 1468 1461 1518 incidentium

264 1581 375 1634 vocum,
395 1578 476 1630 quum
493 1563 652 1614 harmonian
668 1575 771 1628 graeco
788 1564 968 1632 appellamus,
987 1573 1086 1630 poetae
1103 1569 1320 1624 familiarissime
1330 1552 1459 1624 utuntur.

194 1714 197 1717 ,
267 1672 322 1722 sed
339 1681 392 1720 nae
411 1682 504 1720 sumus
522 1667 713 1734 putidiusculi,
732 1667 778 1731 qui
796 1670 865 1718 haec
882 1671 940 1719 tam
957 1672 1058 1734 multis.

334 1772 422 1848 Igitur
437 1782 515 1843 poesi
532 1781 680 1847 praestitit,
699 1793 752 1844 quo
769 1784 878 1834 nomine
896 1785 949 1835 etsi
966 1798 1081 1850 magnus
1100 1787 1217 1837 omnium
1233 1782 1338 1852 judicio
1358 1789 1459 1856 extitit,

263 1893 356 1939 tamen
372 1889 527 1937 matheseos
543 1885 662 1936 scientia
678 1897 733 1935 nou
749 1887 1098 1951 minoscommendationis
1116 1889 1242 1938 obtinuit.
1267 1891 1326 1950 Qua
1337 1903 1369 1939 re
1384 1895 1463 1941 ntra-

265 2006 317 2056 que
340 1994 484 2053 praestare
507 1989 586 2052 quale
610 1989 662 2055 sit,
687 1988 799 2039 facilius
821 1990 843 2039 ii
866 1991 1076 2056 existimabunt,
1103 1991 1150 2054 qui
1169 1987 1297 2055 judicare
1320 1995 1457 2058 poterrmt,

264 2100 382 2161 qllantae
399 2096 437 2145 sit
452 2091 563 2144 virtutis
581 2091 774 2141 excellentiam
791 2094 893 2142 hahere
917 2105 1011 2142 earum
1029 2093 1206 2158 facultatum,
1236 2106 1307 2158 quae
1326 2097 1459 2146 maxima·

262 2215 323 2252 rum
345 2202 446 2251 habent
467 2207 560 2250 rerum
583 2192 839 2246 dissimilitudinem.
877 2192 971 2246 Cava
993 2196 1101 2260 quidem
1118 2199 1193 2246 certe
1210 2197 1381 2246 severiorem
1399 2209 1459 2248 ma-

262 2304 416 2355 thematicis
440 2293 532 2365 aptam
554 2297 776 2368 meditationihas
799 2302 827 2347 et
849 2299 976 2348 blandam
994 2299 1088 2349 hahuit
1105 2301 1240 2361 quondam
1257 2300 1397 2350 suavitate
1416 2300 1461 2350 ei-

260 2408 450 2470 nerescentem
466 2404 602 2456 naturam.
637 2401 707 2452 Eam
724 2413 781 2452 rem
799 2401 858 2452 scio
876 2401 1013 2452 nonnullis
1030 2402 1198 2466 singularem
1215 2402 1287 2451 haud
1304 2403 1375 2468 iore,
1395 2416 1458 2452 cum

260 2511 318 2558 tam
342 2507 422 2558 multi
445 2509 498 2561 luc
523 2509 616 2558 amato
638 2505 786 2556 videantur
810 2507 927 2568 utroque
951 2516 1054 2570 genere
1076 2506 1186 2555 llorere.
1223 2506 1278 2554 Sed
1295 2506 1342 2568 qui
1361 2519 1459 2556 versus

261 2610 371 2678 meere,
397 2613 425 2661 et
442 2609 637 2660 mathematica
660 2607 830 2659 delectentur
852 2608 941 2674 sciro,
966 2619 1021 2660 non
1043 2621 1087 2656 me
1111 2607 1183 2672 fugit
1205 2608 1297 2669 plures
1316 2621 1394 2672 esse;
1421 2621 1458 2660 an

263 2714 449 2766 mathematici
465 2714 549 2764 iidem
566 2716 595 2763 et
611 2713 724 2774 putandi
740 2711 796 2762 sint
812 2715 928 2778 poetae,
946 2711 1012 2760 nihil
1030 2722 1082 2777 ego
1100 2711 1189 2762 dicam
1207 2712 1331 2776 gravius.

333 2840 384 2888 Ast
400 2837 540 2887 excellens
557 2839 639 2900 atque
657 2839 801 2898 praestans
819 2835 934 2887 (levae
944 2806 1065 2902 xaratura,
1100 2835 1227 2898 quoniam
1244 2847 1299 2886 uua
1315 2834 1403 2886 ferme
1422 2838 1458 2886 ad

263 2946 406 3004 utrumque
429 2935 491 3004 ejus
513 2939 607 2988 elicuit
628 2939 781 3005 ingenium,
810 2941 844 2990 de
866 2941 1060 2990 mathematica
1084 2940 1199 3000 primum
1218 2939 1356 3004 dicemus,
1385 2951 1456 3002 quae

264 3056 392 3110 magnam
415 3046 443 3093 et
464 3043 494 3093 in
515 3042 610 3104 primis
632 3054 746 3106 gravem
772 3043 1016 3094 etauctoritatem
1041 3043 1308 3102 clarissimorumque
1332 3042 1456 3091 virorum

263 3149 414 3199 amicitiam
437 3145 604 3196 conciliavit.
639 3145 683 3195 llli
705 3147 808 3196 dedidit
824 3147 944 3196 animum
961 3149 1033 3212 tum,
1061 3157 1123 3196 cum
1138 3146 1174 3196 ad
1190 3145 1321 3216 physicae
1339 3145 1456 3206 primum

261 3252 353 3300 studia
378 3249 515 3316 accessit,
541 3249 578 3298 ad
601 3259 716 3310 quorum
741 3262 820 3299 usum
845 3254 874 3298 et
899 3250 1046 3302 utilitatem
1070 3246 1264 3299 mathematica
1288 3259 1455 3311 magnopere

261 3355 407 3416 pertinent.
444 3353 491 3402 Sic
513 3356 606 3403 autem
627 3365 739 3414 operam
763 3354 830 3403 dare
847 3353 953 3417 coepit,
981 3357 1012 3402 ut
1028 3353 1098 3402 mira
1115 3351 1260 3401 celeritate
1278 3362 1374 3411 perse
1391 3350 1450 3410 ipse

261 3432 355 3506 omnes
372 3455 552 3506 condidicerit
567 3455 728 3504 Euclidis
745 3455 846 3522 libros,
872 3455 919 3518 qui
935 3460 999 3505 sunt
1015 3457 1049 3505 de
1067 3449 1224 3517 elementis,
1253 3453 1351 3502 deindo
1368 3451 1452 3502 etiam

262 3559 307 3623 qui
324 3557 543 3608 Archimedis
560 3561 590 3608 et
605 3559 794 3610 Theodosii
810 3561 884 3624 sunt,
903 3559 962 3608 dies
981 3563 1009 3609 et
1025 3561 1120 3609 noctes
1134 3567 1261 3622 maguam
1274 3553 1314 3605 'iis
1330 3554 1453 3604 trionem

260 3667 376 3731 portem.
413 3663 474 3723 Qua
497 3675 533 3712 ex
554 3673 586 3711 re
604 3661 719 3711 (levae
741 3664 799 3711 tum
824 3662 1008 3712 adolescentis
1031 3662 1119 3724 potuit
1141 3660 1279 3724 ingenium
1303 3658 1452 3709 aestimari.

260 3767 326 3817 Post
342 3778 411 3816 vero
428 3765 613 3827 philosophica
631 3764 838 3828 quinquennium
855 3765 1016 3828 magisterio
1034 3766 1189 3816 scholarum
1207 3761 1360 3826 exercitus,
1380 3760 1452 3822 quod

259 3881 357 3920 munus
373 3869 501 3920 satietate
518 3869 621 3918 laboris
637 3867 942 3919 incredibiliter-mentis
961 3869 1120 3930 etcorporis
1131 3868 1206 3918 vires
1217 3863 1344 3929 conterit,
1362 3875 1452 3926 neque

259 3973 380 4022 animum
395 3969 720 4022 tamenamathematicis
737 3972 891 4036 revocavit,
911 3971 974 4035 quin
982 3984 1032 4033 per
1049 3969 1221 4022 occasionem
1231 3967 1379 4017 subseciva
1386 3978 1456 4017 nac·

259 4080 303 4127 tus
312 4079 436 4138 tempora
445 4078 534 4126 huose
545 4073 695 4137 conterret,
712 4075 835 4136 satisque
847 4075 954 4138 ingenio
963 4076 1077 4123 taceret.
1112 4074 1199 4138 Igitur
1206 4071 1451 4146 studiumaprima

213 4186 217 4197 ‘
257 4178 445 4230 adolescentia
461 4178 617 4237 incoeptum
633 4187 766 4237 numquam
783 4177 1116 4240 intermissumdiligentia
1123 4177 1239 4225 auxerat
1246 4177 1368 4240 tantum,
1384 4173 1451 4223 utin

259 4282 306 4330 illo
311 4278 485 4345 juventutem
493 4282 592 4342 adepto
603 4280 745 4328 videretur
753 4291 814 4328 esse
824 4281 978 4342 perfectum
984 4312 995 4346 ,
1014 4283 1125 4328 etsuam
1142 4278 1452 4341 quandamhaherema·
1486 4265 1488 4276 '

258 4385 409 4434 toritatem.
445 4384 545 4434 Postea
567 4395 629 4432 cum
651 4383 688 4433 ad
707 4382 873 4447 'theologica
892 4383 1021 4433 rediisset
1041 4382 1070 4432 iu
1090 4383 1227 4448 patriam,
1252 4392 1305 4445 quio
1329 4368 1454 4440 tempore

260 4485 427 4548 Braydensis
456 4484 599 4535 academia
614 4479 648 4544 *l
675 4497 730 4536 uno
754 4486 854 4550 egebat
877 4486 956 4551 viro,
994 4485 1039 4548 qui
1064 4485 1256 4536 mathematica
1285 4484 1451 4547 explicaret,

255 4716 287 4773 *l
298 4697 479 4768 ‘Urniversitas
496 4719 526 4768 P.
538 4719 568 4769 P.
586 4718 688 4802 societ,
702 4716 771 4770 lesu
788 4715 937 4769 medlolaai
952 4715 1065 4769 tundata
1082 4729 1101 4770 a
1117 4732 1141 4769 s.
1160 4716 1261 4770 Garolo
1278 4719 1453 4768 Borramaeo.
