3634 5667
630 546 871 618 clu-ca
918 544 1016 623 vui.
1211 484 1215 493 ’
1423 560 1494 639 149

299 742 504 818 Confestim
528 766 550 814 e
574 758 691 816 strato
715 741 908 815 summotis
930 742 1014 815 luce
1032 740 1198 816 tenebris
1418 758 1489 828 265

297 862 455 963 Pervigil
479 862 509 933 it
531 878 632 936 tecto
654 887 789 963 parvos
813 861 971 937 inrisere
994 879 1126 958 natos3

297 984 357 1055 Ne
381 984 532 1057 veniens
555 981 687 1073 turbo,
712 1007 788 1053 nou
811 998 930 1055 tortus
950 981 1123 1057 verberet
1145 980 1283 1055 irnberr

298 1105 409 1177 Haud
432 1106 541 1177 aliter
564 1104 680 1202 Virgo
705 1102 964 1203 praesentibus
988 1102 1108 1177 excita
1133 1101 1245 1193 curis,
1319 1142 1321 1153 =

298 1229 446 1324 Proque
470 1227 546 1297 suis
570 1225 750 1323 jamtum
773 1242 893 1297 mater
916 1222 1094 1298 fidissima
1119 1222 1287 1315 alumnis,

299 1345 470 1419 Assensit
494 1344 621 1435 dictis,
646 1370 794 1446 unaque
819 1345 946 1418 adiere
961 1344 1149 1437 [Puellum,
1421 1357 1493 1425 270

299 1468 423 1565 Atque
448 1466 551 1566 prior
573 1466 722 1567 trepido
748 1465 915 1541 Genitrix
939 1465 995 1537 sic
1020 1488 1086 1537 ore
1111 1462 1259 1538 locuta:

302 1587 335 1659 0
362 1611 560 1686 superum,
582 1613 605 1660 o
632 1586 729 1660 coeli
753 1604 898 1676 rector,
923 1583 1051 1657 mundi
1076 1583 1216 1657 arbiter
1240 1607 1347 1673 unus,

299 1707 416 1796 Nate,
443 1706 566 1778 audin'
591 1732 688 1807 quae
710 1706 812 1780 bella
829 1723 933 1781 retus
957 1730 1053 1779 nora
1073 1706 1226 1779 suscitet
1249 1703 1380 1796 bostis,

300 1825 463 1925 Virginis
490 1853 593 1899 arma
616 1826 735 1921 ultus,
761 1852 873 1903 caesa
897 1826 970 1900 sibi
993 1852 1113 1927 nuper
1138 1826 1188 1899 ud
1214 1851 1298 1899 aras

300 1948 454 2048 Virgine
476 1947 678 2021 Idumaea?
703 1966 817 2048 utque
840 1948 1009 2021 homines
1036 1946 1233 2021 adsciverit
1257 1944 1381 2021 ultra?
1423 1958 1494 2028 275

301 2067 426 2168 thue
453 2068 598 2168 (nefas)
624 2068 721 2141 falso
745 2067 924 2143 Judaeam
948 2066 1097 2140 numine
1122 2084 1242 2141 tentet

302 2188 469 2279 Fallere,
495 2190 528 2261 si
554 2206 684 2288 queat,
711 2206 749 2261 et
771 2189 912 2288 stygios
937 2186 1113 2260 inducere
1140 2186 1292 2261 cultus?

299 2310 372 2380 Per
396 2309 614 2381 Genitorem
639 2334 729 2403 oro,
754 2334 823 2411 per
848 2308 968 2379 sancti
991 2307 1127 2379 llamen
1150 2307 1313 2399 Amoris,

303 2429 413 2529 Quod
437 2431 575 2531 spiras,
602 2445 697 2502 tetra
722 2428 881 2528 caligine
907 2427 1050 2501 discute
1074 2446 1217 2506 mentes
1256 2442 1262 2453 “

300 2549 542 2643 Nauaridum3
567 2553 788 2650 Numenque
813 2566 914 2621 tuum
941 2548 991 2640 (si
1016 2551 1203 2651 poscimus
1227 2576 1360 2652 aequa,
1424 2565 1496 2633 280

302 2670 343 2742 Si
366 2669 446 2760 fas,
471 2671 585 2762 Divo,
611 2672 765 2773 precor)
793 2670 948 2744 coelesti
971 2670 1011 2741 in
1035 2669 1171 2743 lumine
1197 2670 1333 2772 pande.

300 2789 451 2887 Adjecit
477 2793 608 2881 Pater,
632 2810 674 2864 ut
699 2789 888 2891 quondam
914 2789 1097 2870 Simeonis
1123 2792 1162 2863 in
1185 2792 1283 2866 ulnis

299 2909 488 2982 Promissa
511 2910 606 2985 haec
631 2912 762 2985 eadem
787 2911 932 2983 tulerat.
984 2912 1082 3012 Quin
1107 2912 1268 2985 candida
1288 2912 1405 3012 Virgo

302 3029 497 3119 Subdidit,
521 3051 563 3106 ut
585 3059 745 3106 nascens
771 3031 893 3104 divina
918 3027 958 3103 in
982 3032 1066 3105 luce
1090 3031 1289 3108 ridendum

302 3153 353 3226 Se
377 3154 532 3229 dederat
559 3152 749 3255 quondam
771 3152 1006 3253 pastoribus3
1031 3170 1145 3253 utque
1170 3170 1335 3231 remotos
1425 3160 1496 3235 285

300 3274 482 3348 Traxerat
506 3302 597 3350 eoos
622 3272 821 3347 manifesto
847 3275 1007 3346 Numine
1031 3299 1152 3373 reges.

300 3394 411 3467 Nunc
436 3395 567 3468 eadem
591 3394 747 3495 supplex
771 3394 907 3483 Mater,
935 3393 1164 3493 genibusque
1189 3394 1313 3469 voluta

299 3513 615 3616 Illacrymansque
639 3540 754 3611 rog03
782 3531 845 3585 aut
870 3513 1030 3611 (tantum
1056 3515 1088 3585 si
1112 3530 1282 3614 tempora
1305 3515 1437 3623 forsan

300 3636 415 3706 Ferre
439 3636 600 3734 negant)
628 3632 760 3705 saltem
785 3633 839 3705 sic
864 3650 903 3705 te
928 3634 1099 3735 permitte
1122 3633 1250 3726 rideri,

301 3752 386 3843 Sic,
412 3754 581 3854 inquam,
605 3771 647 3826 ut
670 3754 810 3854 pariter
833 3753 970 3844 lateas,
998 3780 1067 3827 ceu
1091 3753 1218 3828 nubila
1242 3756 1361 3831 solem
1424 3768 1495 3839 290

300 3872 412 3945 Clara
428 3889 577 3974 tegunt:
603 3890 730 3972 tuque,
756 3872 863 3964 alme,
889 3892 997 3973 potes
1020 3901 1245 3976 componere
1261 3893 1469 3975 utrumque.

299 3992 455 4066 Talibus
479 3993 643 4068 instabat
667 3992 789 4083 dictis,
816 3994 1062 4095 manibusque
1087 3995 1215 4070 decori

298 4270 335 4320 V.
354 4271 416 4323 m.
434 4270 586 4336 Virgine
603 4270 782 4321 idumaea.
800 4267 875 4337 vili,
894 4272 939 4323 ⁶6.
959 4274 1011 4325 178
1027 4283 1104 4339 seqq.

297 4361 333 4411 V.
353 4363 415 4413 tet.
434 4362 619 4413 Simeonis.
640 4361 697 4413 cir.
718 4363 785 4412 lanc.
804 4363 832 4429 ¹,
851 4365 885 4416 25
901 4376 979 4427 seqq.

297 4452 333 4501 v.
353 4454 415 4505 tes.
432 4453 526 4505 Eoos
543 4466 656 4520 reges.
675 4453 724 4519 111,
744 4454 805 4505 4⁰8.

296 4544 333 4595 V.
352 4546 404 4598 Μ
422 4549 451 4596 ot
467 4546 529 4597 m.
546 4545 618 4595 Edit
637 4546 737 4596 venet.
757 4546 909 4597 contrahit:

508 4637 619 4689 Talibus
636 4637 757 4690 michal
773 4636 871 4705 litiis,
890 4638 974 4690 simul
993 4639 1090 4691 oscula
1108 4638 1193 4691 tronti
1311 4670 1315 4677 ·
