3634 5667
717 538 957 611 avenn
1006 536 1052 612 v.
1111 539 1137 647 j

294 734 535 835 Assiduoque
559 750 689 810 anates
711 750 865 807 tranant
879 734 967 807 bine
990 731 1079 807 inde
1103 733 1238 807 volatu.

263 943 270 951 1
291 856 355 929 Ad
374 858 533 928 Boream
556 880 652 956 pons
676 878 929 949 marmoreus,
956 853 1016 928 oui
1039 852 1198 929 molibus
1224 852 1308 929 altis

292 976 573 1076 Quinquaginta
596 1000 705 1051 meus
733 975 1027 1050 subterlabentia
1051 990 1191 1072 stagna
1416 992 1490 1063 190

291 1096 512 1196 Excipiunt,
535 1120 718 1195 versoque
743 1097 816 1169 situ
839 1096 1085 1197 longissimus·
1099 1093 1201 1167 unda
1254 1122 1256 1140 ·

291 1216 464 1288 Excurrit
487 1215 611 1316 piatus
636 1216 706 1291 sub
732 1243 854 1318 opaco
877 1217 1020 1317 gurgite
1044 1215 1178 1291 fornix.

292 1334 397 1408 Nulli
419 1335 478 1408 fas
495 1337 692 1410 bominum
716 1338 848 1413 vetitos
870 1338 1086 1436 contingere
1110 1326 1249 1410 lineae*

294 1454 379 1526 Stat
405 1456 537 1529 Custos
562 1455 664 1529 ferro
681 1476 843 1532 armatus
855 1440 1099 1556 ,noctesque
1124 1456 1279 1556 diesque

290 1575 479 1651 Excubiae
504 1576 666 1670 ducens,
692 1580 963 1677 commissaque
984 1576 1112 1652 limina
1134 1592 1267 1654 servat.
1383 1634 1388 1649 ,
1418 1592 1488 1662 195

291 1697 418 1795 Atque
444 1696 515 1770 bae
540 1699 723 1773 transibat
746 1725 868 1802 prono
891 1701 968 1800 jam
993 1723 1147 1799 vespere
1172 1720 1314 1785 eurrus,

289 1818 365 1887 Per
388 1816 513 1917 magni
536 1843 700 1893 convexa
723 1845 862 1894 sonans
888 1844 977 1892 saxa
1002 1816 1118 1891 ardua
1141 1816 1287 1916 pontis,

290 1936 522 2037 Excisosque
547 1937 670 2012 aditus
693 1916 849 2014 adveraa'
872 1940 912 2011 in
935 1964 1028 2039 rupe
1047 1936 1207 2011 subibat.

292 2058 488 2156 Apparent
511 2058 681 2132 immensi
707 2062 805 2159 agri,
830 2059 1059 2160 largissimus
1084 2058 1224 2148 aether,

292 2175 489 2249 Herbosae
513 2179 585 2251 hae
610 2179 697 2254 illae
720 2180 835 2256 valles
847 2232 859 2271 ,
892 2178 1096 2252 animantia
1118 2175 1225 2267 mira,
1415 2188 1490 2257 20⁰

293 2294 486 2396 capreoli,
511 2298 619 2398 pardi
639 2300 803 2391 cicures,
830 2300 1003 2400 cervique
1028 2296 1193 2396 fugaces.

294 2400 400 2514 Quae
425 2416 528 2491 loca!
555 2443 648 2518 quas
672 2419 762 2492 olim
786 2419 915 2494 sedes!
940 2442 1036 2516 quae
1060 2440 1178 2514 regna
1199 2430 1354 2513 pararat

293 2536 559 2637 Omnipotens!
585 2558 626 2613 ut
649 2540 769 2638 belle,
794 2556 835 2614 ut
860 2540 1020 2613 suaviter
1044 2535 1172 2610 omnia
1194 2532 1336 2607 rident!

295 2655 329 2729 0
355 2656 530 2730 miserum
553 2662 710 2735 mortale
735 2688 873 2762 genus,
898 2684 996 2760 quae
1022 2655 1105 2729 dira
1128 2652 1266 2755 cupido

291 2776 689 2880 Hinoproeulexegit?
713 2784 820 2857 Juvat
833 2806 982 2856 omnem
997 2777 1211 2876 abstergere
1225 2800 1373 2848 ouramt
1414 2787 1488 2855 205

294 2898 496 2997 Respirare
521 2925 649 2971 auram
673 2902 791 3001 juvat,
818 2919 856 2974 et
880 2900 970 2973 dare
995 2898 1136 2971 lumina
1159 2897 1311 2971 eiacum.

295 3019 523 3093 Zacharides
547 3022 626 3093 risu
651 3025 826 3097 attonitus
851 3039 932 3096 toto
957 3046 1024 3095 ore
1049 3018 1203 3119 sequaci

294 3139 591 3214 Versieoloratas
616 3142 787 3215 servabat
810 3144 850 3215 in
876 3168 943 3215 axe
974 3142 1157 3237 volucres,

294 3261 542 3351 Phoenicum,
577 3279 688 3361 atque
712 3263 875 3363 apodum
898 3280 1059 3353 aumas,
1095 3279 1133 3333 et
1158 3254 1321 3334 eandida
1343 3252 1488 3328 olorum

295 3381 476 3479 Agmina,
502 3399 785 3482 stttrnorumque
811 3385 929 3457 acies:
956 3384 1015 3457 eui
1039 3383 1143 3481 regia
1167 3382 1286 3451 Mater
1419 3385 1491 3453 210

296 3503 450 3592 Annua,
478 3502 540 3592 ait,
566 3504 701 3604 digito,
726 3520 975 3605 porrectaque
1000 3504 1108 3577 allice
1133 3503 1280 3594 dextra,
1417 3498 1420 3505 ’

297 3614 371 3694 Die
394 3622 547 3722 propius
572 3626 735 3697 volitent.
785 3625 878 3697 Risu
899 3625 957 3700 vix
981 3623 1046 3697 ille
1070 3648 1206 3697 sereno

295 3743 457 3833 Annuit,
482 3743 596 3842 inque
621 3770 770 3817 manum
794 3743 978 3820 sublatam
1004 3762 1042 3818 et
1063 3744 1218 3818 brachia
1241 3736 1344 3813 unda

296 4016 335 4067 V.
354 4018 414 4069 tet.
432 4019 505 4069 Εᾱίι.
523 4019 622 4070 venet.
641 4033 691 4082 pro
710 4022 845 4074 doeens
861 4026 880 4074 t.
899 4026 984 4075 ducit.

295 4130 334 4181 V.
353 4131 414 4181 007.
432 4130 506 4181 Edit.
525 4132 623 4183 venet.
642 4146 692 4197 pro
711 4139 794 4187 toto
813 4138 831 4186 1.
849 4150 926 4199 puer.

296 4243 333 4295 v.
352 4246 413 4295 aas.
432 4245 655 4300 Phoenicum.
691 4228 810 4300 nnn.
827 4250 889 4301 svn
907 4252 936 4301 n
954 4248 1058 4301 manta
1073 4244 1173 4297 nonius
1191 4245 1220 4292 et
1238 4242 1383 4307 fannon,
1410 4252 1492 4303 quan

437 4347 541 4397 Plinius
550 4351 609 4417 (to,
623 4353 650 4417 2,
657 4353 686 4409 2)
693 4352 832 4401 describit.
868 4354 966 4414 Anus
982 4351 1028 4403 vel
1037 4348 1175 4413 cypsellus
1193 4328 1304 4410 (ἄπους
1327 4326 1491 4412 1111001109)

437 4441 500 4491 avis
517 4442 550 4491 de
568 4455 670 4507 genere
688 4444 875 4512 hirundinum,
894 4441 974 4511 eujus
991 4445 1076 4508 pedes
1093 4442 1164 4493 curti
1182 4445 1212 4491 et
1227 4440 1330 4507 mutili,
1359 4438 1492 4502 quasique

441 4533 563 4590 inutiles.
598 4535 667 4586 Ptin.
687 4536 732 4600 10,
751 4536 794 4587 30.

297 4646 332 4697 V.
351 4648 404 4701 111
422 4647 451 4698 in
467 4648 518 4700 nt.
535 4649 633 4699 venet
652 4650 739 4699 deest.
