3634 5667
385 1470 393 1505 ἲ
414 1468 419 1478 1

357 1493 373 1517 .”
405 1500 409 1516 r

387 1520 392 1527 .

513 1619 516 1627 ’
560 1602 576 1622 ”
605 1604 612 1747 Ῐ
645 1663 650 1671 ·
679 1603 1155 1765 iuuentutem.
1182 1756 1198 1763 ,,
1290 1602 1333 1642 ²

341 1849 417 1903 mter
430 1846 570 1899 matites
587 1846 756 1897 iuPoradiuo
764 1849 891 1898 terrestri
903 1846 1045 1913 Virginem
1062 1850 1207 1913 ooiioquiis
1218 1852 1302 1900 tenet.
1338 1850 1455 1900 Divinus
1471 1850 1542 1899 Puer

376 1950 573 2013 superveniens
588 1951 705 1999 Matrem
716 1950 789 2000 rosta
801 1953 924 2000 coronat.
961 1951 1031 2001 sera
1049 1955 1130 2003 noete
1145 1953 1173 2002 iu
1190 1952 1322 2014 palatium
1339 1953 1543 2002 revertentibus

378 2056 528 2107 occurrunt
541 2054 650 2105 animae
659 2054 946 2105 sanctorumPetrum.
982 2056 1081 2106 Aulam
1093 2057 1239 2106 maximam
1252 2056 1379 2122 subeunt,
1399 2055 1445 2104 ubi
1464 2067 1542 2105 saera

379 2158 454 2210 bella
466 2157 496 2208 in
510 2156 662 2218 parietibus
674 2156 814 2218 rescripta
829 2160 986 2208 cernuntur.
1021 2156 1082 2209 illie
1098 2160 1193 2210 mama
1207 2160 1242 2209 ab
1253 2160 1366 2223 Angelis
1384 2159 1543 2225 exhibetur,

379 2266 464 2326 atque
477 2261 577 2315 iterum
590 2260 681 2313 annoti
690 2259 812 2321 hospites
825 2272 909 2312 ourru
922 2261 1023 2313 sublati
1036 2260 1175 2313 Nazareth
1197 2264 1374 2313 revehuntur.

443 2428 646 2507 Hetrusoos
670 2424 769 2495 inter
793 2421 905 2497 flores
932 2452 1006 2525 qua
1036 2426 1175 2499 labitur
1199 2428 1335 2516 Amne,

346 2549 550 2648 Hesperiae
577 2545 693 2620 sacris
720 2544 829 2617 statio
855 2548 1064 2644 gratissima
1096 2546 1237 2647 cycnis,

345 2673 413 2743 Est
437 2670 542 2742 locus
566 2669 605 2740 in
630 2683 751 2768 prato,
775 2664 875 2739 unde
902 2668 1015 2739 etiam
1041 2668 1128 2740 data
1150 2667 1301 2740 nomina
1324 2668 1414 2745 ruri.

347 2792 568 2891 Quanquam
591 2804 690 2861 sorte
716 2812 783 2861 sua
808 2786 897 2858 felix
921 2787 1026 2860 locus
1052 2787 1114 2861 ille
1140 2787 1266 2861 vocari

347 2911 514 3010 Elysium
538 2909 691 2985 meruitt
717 2908 823 2999 regui
848 2934 935 2980 nam
960 2908 992 2981 si
1017 2934 1091 3008 qua
1115 2908 1217 2981 beati

346 3031 450 3103 iliius
474 3029 641 3102 interris
667 3027 766 3101 foret
790 3026 867 3112 ulla
891 3028 1076 3101 simillima
1100 3029 1237 3128 imago,

348 3151 466 3226 Unius
490 3151 563 3221 ista
585 3148 685 3221 foret
708 3146 899 3218 Medioeae
924 3146 1041 3248 gloria
1064 3150 1184 3223 villae.

347 3271 458 3345 Unde
483 3270 578 3344 adeo
604 3268 773 3368 geminae
798 3265 929 3356 facies,
957 3283 994 3338 et
1015 3294 1167 3369 prorsus
1194 3269 1352 3342 eandem

348 3396 510 3466 Exactae
537 3390 585 3464 ad
607 3416 777 3463 normam
802 3378 924 3480 sedes,
949 3415 1028 3461 rem
1050 3416 1223 3491 promere
1248 3389 1296 3462 ab
1323 3389 1399 3461 alto

350 3517 438 3586 Fert
462 3512 617 3604 animus,
643 3510 868 3613 paulumque
892 3509 951 3585 via
977 3510 1176 3584 deflectere
1202 3530 1325 3585 cantu.
1435 3602 1436 3609 ἵ
1504 3520 1548 3587 10

351 3720 387 3774 V.
423 3724 449 3776 1.
485 3727 620 3791 Arnus,
645 3724 745 3773 tiuvius
763 3719 964 3773 fletruriue
989 3722 1150 3791 (Etruriae,
1177 3724 1331 3781 nosceuae)
1359 3734 1394 3771 ex
1407 3720 1548 3781 Apennino

474 3821 568 3870 monte
581 3819 669 3882 ortus,
693 3812 862 3865 Florentium
886 3814 915 3862 et
928 3813 1007 3864 Pism
1027 3814 1159 3884 interluit,
1178 3818 1402 3880 Tyrrhenumque
1415 3824 1550 3874 marape-

473 3910 517 3959 tit.
552 3906 784 3973 Virg.Aen.12,
808 3905 870 3957 882.
900 3929 904 3967 3

353 3999 388 4051 V.
426 4004 452 4053 8.
470 4001 530 4051 Eat
554 4000 661 4051 loeus
684 4000 721 4050 in
746 4000 867 4061 prato.
896 3995 996 4050 Oeen
1013 4002 1049 4051 ed
1070 4002 1222 4067 marginem
1244 4000 1374 4051 adnotet:
1394 3994 1551 4047 Pretoll-

293 4156 296 4165 Ι
474 4106 562 4159 uum,
590 4093 685 4157 Magni
699 4092 784 4142 Ducis
799 4090 877 4143 Hetr.
896 4090 974 4156 villa,
995 4104 1044 4141 cur
1057 4093 1147 4143 simile
1164 4091 1296 4143 Paradiso
1318 4089 1454 4140 terrestri.

354 4183 391 4234 V.
427 4182 763 4249 o.1itysium.V,to.

356 4278 392 4327 V.
428 4282 454 4330 o.
475 4279 549 4330 Edit.
563 4277 687 4326 Venetos

496 4368 573 4418 lilius
587 4368 615 4417 in
630 4366 713 4416 terris
728 4366 836 4427 speeies
853 4367 927 4417 ioret
938 4366 995 4415 ulie
1014 4369 1164 4431 strperstes,

358 4461 393 4510 V.
412 4464 438 4512 7.
457 4459 911 4511 Familioiitedioiiudeoseeulo
920 4456 985 4506 Xlli
993 4457 1093 4506 etle
1101 4457 1207 4506 divitiis
1218 4456 1368 4517 opibusque
1377 4455 1553 4503 eiurarerum

483 4552 640 4602 Florentiae
666 4550 755 4612 potita
776 4553 828 4600 out.
871 4549 915 4599 cf.
939 4549 966 4599 J.
995 4550 1032 4597 u.
1059 4549 1178 4598 Bruti:
1206 4548 1382 4599 Florentiuae
1404 4544 1552 4594 Historiae.

481 4646 560 4706 Lyon
578 4644 657 4695 leot.
