<?xml version="1.0" encoding="UTF-8"?>
<!DOCTYPE html PUBLIC "-//W3C//DTD XHTML 1.0 Transitional//EN"
    "http://www.w3.org/TR/xhtml1/DTD/xhtml1-transitional.dtd">
<html xmlns="http://www.w3.org/1999/xhtml" xml:lang="en" lang="en">
 <head>
  <title>
</title>
<meta http-equiv="Content-Type" content="text/html;charset=utf-8" />
  <meta name='ocr-system' content='tesseract 3.04.00' />
  <meta name='ocr-capabilities' content='ocr_page ocr_carea ocr_par ocr_line ocrx_word'/>
</head>
<body>
  <div class='ocr_page' id='page_1' title='image "./jesuspuer00cevagoog_0044.png"; bbox 0 0 3634 5667; ppageno 0'>
   <div class='ocr_carea' id='block_1_1' title="bbox 317 495 1109 597">
    <p class='ocr_par' dir='ltr' id='par_1_1' title="bbox 317 495 1109 597">
     <span class='ocr_line' id='line_1_1' title="bbox 317 495 1109 597; baseline 0.004 -14"><span class='ocrx_word' id='word_1_1' title='bbox 317 495 367 597; x_wconf 65' lang='grc' dir='ltr'><em>ἠ</em></span> <span class='ocrx_word' id='word_1_2' title='bbox 793 513 1109 586; x_wconf 82' lang='lat' dir='ltr'><strong>LIBERI.</strong></span> 
     </span>
    </p>
   </div>
   <div class='ocr_carea' id='block_1_2' title="bbox 279 711 1523 3109">
    <p class='ocr_par' dir='ltr' id='par_1_2' title="bbox 315 711 1424 936">
     <span class='ocr_line' id='line_1_2' title="bbox 315 711 1424 815; baseline 0.006 -31"><span class='ocrx_word' id='word_1_3' title='bbox 315 712 434 802; x_wconf 72' lang='lat' dir='ltr'><strong>„Non</strong></span> <span class='ocrx_word' id='word_1_4' title='bbox 457 728 537 803; x_wconf 88' lang='lat' dir='ltr'><strong>est,</strong></span> <span class='ocrx_word' id='word_1_5' title='bbox 563 735 677 811; x_wconf 90' lang='lat' dir='ltr'><strong>quem</strong></span> <span class='ocrx_word' id='word_1_6' title='bbox 700 736 856 786; x_wconf 82' lang='lat' dir='ltr'><strong>caecum</strong></span> <span class='ocrx_word' id='word_1_7' title='bbox 876 711 1006 812; x_wconf 76' lang='lat' dir='ltr'><strong>vulgus</strong></span> <span class='ocrx_word' id='word_1_8' title='bbox 1030 728 1138 815; x_wconf 87' lang='lat' dir='ltr'><strong>putat</strong></span> <span class='ocrx_word' id='word_1_9' title='bbox 1163 735 1269 792; x_wconf 76' lang='lat' dir='ltr'><strong>esset</strong></span> <span class='ocrx_word' id='word_1_10' title='bbox 1291 714 1424 810; x_wconf 86' lang='lat' dir='ltr'><strong>fatere,</strong></span> 
     </span>
     <span class='ocr_line' id='line_1_3' title="bbox 315 831 1187 936; baseline 0.006 -32"><span class='ocrx_word' id='word_1_11' title='bbox 315 831 467 921; x_wconf 63' lang='lat' dir='ltr'><strong>„Altior</strong></span> <span class='ocrx_word' id='word_1_12' title='bbox 490 848 547 904; x_wconf 91' lang='lat' dir='ltr'><strong>est</strong></span> <span class='ocrx_word' id='word_1_13' title='bbox 571 831 630 904; x_wconf 90' lang='lat' dir='ltr'><strong>illi</strong></span> <span class='ocrx_word' id='word_1_14' title='bbox 656 859 769 933; x_wconf 86' lang='lat' dir='ltr'><strong>quam</strong></span> <span class='ocrx_word' id='word_1_15' title='bbox 793 832 842 906; x_wconf 91' lang='lat' dir='ltr'><strong>sit</strong></span> <span class='ocrx_word' id='word_1_16' title='bbox 865 833 1035 909; x_wconf 86' lang='lat' dir='ltr'><strong>mortalis</strong></span> <span class='ocrx_word' id='word_1_17' title='bbox 1062 834 1187 936; x_wconf 83' lang='lat' dir='ltr'><strong>orig0,</strong></span> 
     </span>
    </p>

    <p class='ocr_par' dir='ltr' id='par_1_3' title="bbox 309 953 1523 2023">
     <span class='ocr_line' id='line_1_4' title="bbox 315 953 1522 1060; baseline 0.007 -37"><span class='ocrx_word' id='word_1_18' title='bbox 315 955 477 1054; x_wconf 73' lang='lat' dir='ltr'><strong>„Tuque</strong></span> <span class='ocrx_word' id='word_1_19' title='bbox 493 953 588 1029; x_wconf 86' lang='lat' dir='ltr'><strong>heeo</strong></span> <span class='ocrx_word' id='word_1_20' title='bbox 613 955 709 1026; x_wconf 87' lang='lat' dir='ltr'><strong>mira</strong></span> <span class='ocrx_word' id='word_1_21' title='bbox 734 954 840 1046; x_wconf 87' lang='lat' dir='ltr'><strong>siles,</strong></span> <span class='ocrx_word' id='word_1_22' title='bbox 868 953 938 1028; x_wconf 87' lang='lat' dir='ltr'><strong>sed</strong></span> <span class='ocrx_word' id='word_1_23' title='bbox 962 956 1099 1059; x_wconf 83' lang='lat' dir='ltr'><strong>etipsa</strong></span> <span class='ocrx_word' id='word_1_24' title='bbox 1116 957 1265 1030; x_wconf 85' lang='lat' dir='ltr'><strong>silentia</strong></span> <span class='ocrx_word' id='word_1_25' title='bbox 1290 983 1420 1031; x_wconf 86' lang='lat' dir='ltr'><strong>nosco.</strong></span> <span class='ocrx_word' id='word_1_26' title='bbox 1448 971 1522 1060; x_wconf 31' lang='lat'>2¹85</span> 
     </span>
     <span class='ocr_line' id='line_1_5' title="bbox 314 1073 1523 1182; baseline 0.007 -37"><span class='ocrx_word' id='word_1_27' title='bbox 314 1076 441 1163; x_wconf 70' lang='lat' dir='ltr'><strong>„Tum</strong></span> <span class='ocrx_word' id='word_1_28' title='bbox 465 1091 591 1176; x_wconf 82' lang='lat' dir='ltr'><strong>pater:</strong></span> <span class='ocrx_word' id='word_1_29' title='bbox 615 1073 752 1148; x_wconf 88' lang='lat' dir='ltr'><strong>Audite</strong></span> <span class='ocrx_word' id='word_1_30' title='bbox 777 1075 870 1167; x_wconf 85' lang='lat' dir='ltr'><strong>hoo,</strong></span> <span class='ocrx_word' id='word_1_31' title='bbox 895 1077 1063 1178; x_wconf 82' lang='lat' dir='ltr'>Memphi</span> <span class='ocrx_word' id='word_1_32' title='bbox 1081 1079 1184 1179; x_wconf 87' lang='lat' dir='ltr'><strong>quod</strong></span> <span class='ocrx_word' id='word_1_33' title='bbox 1207 1105 1329 1182; x_wconf 80' lang='lat' dir='ltr'>nuper</span> <span class='ocrx_word' id='word_1_34' title='bbox 1353 1079 1393 1152; x_wconf 88' lang='lat' dir='ltr'><strong>in</strong></span> <span class='ocrx_word' id='word_1_35' title='bbox 1410 1080 1523 1154; x_wconf 84' lang='lat' dir='ltr'><strong>horto</strong></span> 
     </span>
     <span class='ocr_line' id='line_1_6' title="bbox 312 1196 1365 1298; baseline 0.002 -27"><span class='ocrx_word' id='word_1_36' title='bbox 312 1197 522 1298; x_wconf 48' lang='lat' dir='ltr'><strong>„Contigiq</strong></span> <span class='ocrx_word' id='word_1_37' title='bbox 549 1212 588 1269; x_wconf 90' lang='lat' dir='ltr'><strong>et</strong></span> <span class='ocrx_word' id='word_1_38' title='bbox 611 1196 749 1269; x_wconf 89' lang='lat' dir='ltr'><strong>nostris</strong></span> <span class='ocrx_word' id='word_1_39' title='bbox 775 1197 824 1271; x_wconf 85' lang='lat' dir='ltr'><strong>sit</strong></span> <span class='ocrx_word' id='word_1_40' title='bbox 847 1213 949 1271; x_wconf 85' lang='lat' dir='ltr'><strong>mete</strong></span> <span class='ocrx_word' id='word_1_41' title='bbox 973 1199 1069 1272; x_wconf 84' lang='lat' dir='ltr'><strong>haee</strong></span> <span class='ocrx_word' id='word_1_42' title='bbox 1089 1197 1219 1271; x_wconf 87' lang='lat' dir='ltr'><strong>ultima</strong></span> <span class='ocrx_word' id='word_1_43' title='bbox 1245 1199 1365 1273; x_wconf 85' lang='lat' dir='ltr'><strong>dietis.</strong></span> 
     </span>
     <span class='ocr_line' id='line_1_7' title="bbox 312 1307 1412 1419; baseline -0.001 -25"><span class='ocrx_word' id='word_1_44' title='bbox 312 1315 508 1408; x_wconf 65' lang='lat' dir='ltr'><strong>„Venerat</strong></span> <span class='ocrx_word' id='word_1_45' title='bbox 533 1316 631 1391; x_wconf 83' lang='lat' dir='ltr'><strong>alma</strong></span> <span class='ocrx_word' id='word_1_46' title='bbox 653 1343 791 1419; x_wconf 84' lang='lat' dir='ltr'><strong>parens</strong></span> <span class='ocrx_word' id='word_1_47' title='bbox 817 1320 975 1403; x_wconf 82' lang='lat' dir='ltr'><strong>Phariae</strong></span> <span class='ocrx_word' id='word_1_48' title='bbox 1000 1319 1194 1394; x_wconf 87' lang='lat' dir='ltr'><strong>molitricis</strong></span> <span class='ocrx_word' id='word_1_49' title='bbox 1220 1321 1259 1392; x_wconf 91' lang='lat' dir='ltr'><strong>in</strong></span> <span class='ocrx_word' id='word_1_50' title='bbox 1286 1307 1412 1412; x_wconf 81' lang='lat' dir='ltr'><strong>aedes,</strong></span> 
     </span>
     <span class='ocr_line' id='line_1_8' title="bbox 312 1434 1372 1541; baseline 0.004 -31"><span class='ocrx_word' id='word_1_51' title='bbox 312 1441 481 1530; x_wconf 70' lang='lat' dir='ltr'><strong>„Hortus</strong></span> <span class='ocrx_word' id='word_1_52' title='bbox 506 1439 572 1511; x_wconf 93' lang='lat' dir='ltr'><strong>ubi</strong></span> <span class='ocrx_word' id='word_1_53' title='bbox 595 1440 746 1540; x_wconf 85' lang='lat' dir='ltr'><strong>exiguus</strong></span> <span class='ocrx_word' id='word_1_54' title='bbox 771 1440 918 1536; x_wconf 78' lang='lat' dir='ltr'><strong>fuernt3</strong></span> <span class='ocrx_word' id='word_1_55' title='bbox 945 1441 1013 1514; x_wconf 89' lang='lat' dir='ltr'><strong>sed</strong></span> <span class='ocrx_word' id='word_1_56' title='bbox 1038 1434 1182 1541; x_wconf 81' lang='lat' dir='ltr'><strong>frigore</strong></span> <span class='ocrx_word' id='word_1_57' title='bbox 1205 1440 1372 1514; x_wconf 88' lang='lat' dir='ltr'><strong>nondum</strong></span> 
     </span>
     <span class='ocr_line' id='line_1_9' title="bbox 311 1544 1520 1663; baseline 0.001 -31"><span class='ocrx_word' id='word_1_58' title='bbox 311 1563 483 1650; x_wconf 68' lang='lat' dir='ltr'><strong>„Exacto</strong></span> <span class='ocrx_word' id='word_1_59' title='bbox 508 1585 581 1633; x_wconf 91' lang='lat' dir='ltr'><strong>nee</strong></span> <span class='ocrx_word' id='word_1_60' title='bbox 605 1558 694 1633; x_wconf 88' lang='lat' dir='ltr'><strong>dum</strong></span> <span class='ocrx_word' id='word_1_61' title='bbox 718 1579 829 1663; x_wconf 91' lang='lat' dir='ltr'><strong>rupto</strong></span> <span class='ocrx_word' id='word_1_62' title='bbox 854 1587 896 1634; x_wconf 92' lang='lat' dir='ltr'><strong>se</strong></span> <span class='ocrx_word' id='word_1_63' title='bbox 922 1544 1083 1663; x_wconf 86' lang='lat' dir='ltr'><strong>prodere</strong></span> <span class='ocrx_word' id='word_1_64' title='bbox 1108 1561 1272 1661; x_wconf 87' lang='lat' dir='ltr'><strong>primum</strong></span> <span class='ocrx_word' id='word_1_65' title='bbox 1444 1574 1520 1647; x_wconf 75' lang='lat'><strong>290</strong></span> 
     </span>
     <span class='ocr_line' id='line_1_10' title="bbox 310 1669 1410 1783; baseline 0.004 -32"><span class='ocrx_word' id='word_1_66' title='bbox 310 1672 542 1770; x_wconf 71' lang='lat' dir='ltr'><strong>„Follioulo‚</strong></span> <span class='ocrx_word' id='word_1_67' title='bbox 569 1707 663 1781; x_wconf 88' lang='lat' dir='ltr'><strong>quos</strong></span> <span class='ocrx_word' id='word_1_68' title='bbox 688 1669 848 1783; x_wconf 74' lang='lat' dir='ltr'><strong>fagineis</strong></span> <span class='ocrx_word' id='word_1_69' title='bbox 873 1681 1045 1757; x_wconf 78' lang='lat' dir='ltr'><strong>servabat</strong></span> <span class='ocrx_word' id='word_1_70' title='bbox 1069 1683 1108 1754; x_wconf 91' lang='lat' dir='ltr'><strong>in</strong></span> <span class='ocrx_word' id='word_1_71' title='bbox 1134 1684 1260 1775; x_wconf 86' lang='lat' dir='ltr'><strong>urnis,</strong></span> <span class='ocrx_word' id='word_1_72' title='bbox 1405 1673 1410 1692; x_wconf 78' lang='grc'><em>’</em></span> 
     </span>
     <span class='ocr_line' id='line_1_11' title="bbox 309 1778 1308 1904; baseline 0.003 -33"><span class='ocrx_word' id='word_1_73' title='bbox 309 1778 538 1903; x_wconf 50' lang='lat' dir='ltr'><strong>{Audebunt</strong></span> <span class='ocrx_word' id='word_1_74' title='bbox 563 1800 694 1892; x_wconf 88' lang='lat' dir='ltr'><strong>flores,</strong></span> <span class='ocrx_word' id='word_1_75' title='bbox 720 1803 938 1904; x_wconf 87' lang='lat' dir='ltr'><strong>oaryophila</strong></span> <span class='ocrx_word' id='word_1_76' title='bbox 962 1803 1161 1903; x_wconf 85' lang='lat' dir='ltr'><strong>pleraque,</strong></span> <span class='ocrx_word' id='word_1_77' title='bbox 1183 1805 1308 1904; x_wconf 85' lang='lat' dir='ltr'><strong>pictae</strong></span> 
     </span>
     <span class='ocr_line' id='line_1_12' title="bbox 311 1920 1355 2023; baseline 0.004 -31"><span class='ocrx_word' id='word_1_78' title='bbox 311 1920 566 2022; x_wconf 68' lang='lat' dir='ltr'><strong>„Hesperides</strong></span> <span class='ocrx_word' id='word_1_79' title='bbox 574 1975 587 2014; x_wconf 88' lang='lat'><em>,</em></span> <span class='ocrx_word' id='word_1_80' title='bbox 612 1925 802 1996; x_wconf 84' lang='lat' dir='ltr'><strong>nasturcia</strong></span> <span class='ocrx_word' id='word_1_81' title='bbox 827 1949 932 2014; x_wconf 82' lang='lat' dir='ltr'><strong>sera,</strong></span> <span class='ocrx_word' id='word_1_82' title='bbox 956 1949 1143 2023; x_wconf 82' lang='lat' dir='ltr'>rosaeque</span> <span class='ocrx_word' id='word_1_83' title='bbox 1168 1923 1355 1997; x_wconf 85' lang='lat' dir='ltr'><strong>Damasei.</strong></span> 
     </span>
    </p>

    <p class='ocr_par' dir='ltr' id='par_1_4' title="bbox 312 2032 1286 2146">
     <span class='ocr_line' id='line_1_13' title="bbox 312 2032 1286 2146; baseline 0.003 -33"><span class='ocrx_word' id='word_1_84' title='bbox 312 2041 409 2131; x_wconf 72' lang='lat' dir='ltr'><strong>„Illa</strong></span> <span class='ocrx_word' id='word_1_85' title='bbox 431 2032 556 2139; x_wconf 85' lang='lat' dir='ltr'><strong>tamen</strong></span> <span class='ocrx_word' id='word_1_86' title='bbox 580 2069 698 2145; x_wconf 91' lang='lat' dir='ltr'><strong>puero</strong></span> <span class='ocrx_word' id='word_1_87' title='bbox 719 2045 863 2144; x_wconf 81' lang='lat' dir='ltr'><strong>optanti</strong></span> <span class='ocrx_word' id='word_1_88' title='bbox 889 2044 1130 2146; x_wconf 82' lang='lat' dir='ltr'><strong>decerpserat</strong></span> <span class='ocrx_word' id='word_1_89' title='bbox 1154 2070 1286 2137; x_wconf 90' lang='lat' dir='ltr'><strong>unum,</strong></span> 
     </span>
    </p>

    <p class='ocr_par' dir='ltr' id='par_1_5' title="bbox 310 2163 1517 2374">
     <span class='ocr_line' id='line_1_14' title="bbox 311 2163 1517 2263; baseline 0.007 -28"><span class='ocrx_word' id='word_1_90' title='bbox 311 2163 410 2252; x_wconf 74' lang='lat' dir='ltr'><strong>„cui</strong></span> <span class='ocrx_word' id='word_1_91' title='bbox 435 2164 575 2263; x_wconf 84' lang='lat' dir='ltr'><strong>ealyeis</strong></span> <span class='ocrx_word' id='word_1_92' title='bbox 602 2165 710 2236; x_wconf 84' lang='lat' dir='ltr'>scissi</span> <span class='ocrx_word' id='word_1_93' title='bbox 736 2191 756 2236; x_wconf 91' lang='lat' dir='ltr'><strong>e</strong></span> <span class='ocrx_word' id='word_1_94' title='bbox 782 2166 877 2237; x_wconf 85' lang='lat' dir='ltr'><strong>rima</strong></span> <span class='ocrx_word' id='word_1_95' title='bbox 893 2165 971 2263; x_wconf 83' lang='lat' dir='ltr'><strong>jam</strong></span> <span class='ocrx_word' id='word_1_96' title='bbox 997 2165 1153 2238; x_wconf 85' lang='lat' dir='ltr'><strong>oocoina</strong></span> <span class='ocrx_word' id='word_1_97' title='bbox 1177 2164 1290 2238; x_wconf 79' lang='lat' dir='ltr'><strong>restis</strong></span> <span class='ocrx_word' id='word_1_98' title='bbox 1443 2179 1517 2252; x_wconf 74' lang='lat'><strong>995</strong></span> 
     </span>
     <span class='ocr_line' id='line_1_15' title="bbox 310 2280 1298 2374; baseline 0.006 -20"><span class='ocrx_word' id='word_1_99' title='bbox 310 2284 472 2374; x_wconf 69' lang='lat' dir='ltr'><strong>„Exibat</strong></span> <span class='ocrx_word' id='word_1_100' title='bbox 498 2280 677 2357; x_wconf 80' lang='lat' dir='ltr'><strong>distincta</strong></span> <span class='ocrx_word' id='word_1_101' title='bbox 698 2310 823 2359; x_wconf 88' lang='lat' dir='ltr'><strong>eroco.</strong></span> <span class='ocrx_word' id='word_1_102' title='bbox 871 2285 1146 2358; x_wconf 85' lang='lat' dir='ltr'><strong>Pulcherrimus</strong></span> <span class='ocrx_word' id='word_1_103' title='bbox 1172 2285 1298 2360; x_wconf 86' lang='lat' dir='ltr'><strong>infans</strong></span> 
     </span>
    </p>

    <p class='ocr_par' dir='ltr' id='par_1_6' title="bbox 309 2404 1231 2507">
     <span class='ocr_line' id='line_1_16' title="bbox 309 2404 1231 2507; baseline 0.009 -31"><span class='ocrx_word' id='word_1_104' title='bbox 309 2405 389 2494; x_wconf 72' lang='lat' dir='ltr'><strong>„Ut</strong></span> <span class='ocrx_word' id='word_1_105' title='bbox 413 2405 547 2496; x_wconf 85' lang='lat' dir='ltr'><strong>tenuit,</strong></span> <span class='ocrx_word' id='word_1_106' title='bbox 570 2405 654 2479; x_wconf 86' lang='lat' dir='ltr'><strong>risit</strong></span> <span class='ocrx_word' id='word_1_107' title='bbox 676 2406 848 2507; x_wconf 85' lang='lat' dir='ltr'><strong>paulum3</strong></span> <span class='ocrx_word' id='word_1_108' title='bbox 875 2404 1063 2506; x_wconf 87' lang='lat' dir='ltr'><strong>(mirabile</strong></span> <span class='ocrx_word' id='word_1_109' title='bbox 1090 2404 1192 2480; x_wconf 84' lang='lat' dir='ltr'><strong>dictu</strong></span> <span class='ocrx_word' id='word_1_110' title='bbox 1201 2405 1231 2506; x_wconf 87' lang='lat'><strong>!)</strong></span> 
     </span>
    </p>

    <p class='ocr_par' dir='ltr' id='par_1_7' title="bbox 279 2525 1305 2630">
     <span class='ocr_line' id='line_1_17' title="bbox 279 2525 1305 2630; baseline 0.003 -33"><span class='ocrx_word' id='word_1_111' title='bbox 279 2594 281 2597; x_wconf 83' lang='lat'>.</span> <span class='ocrx_word' id='word_1_112' title='bbox 309 2525 531 2630; x_wconf 66' lang='lat' dir='ltr'><strong>„Flosculns</strong></span> <span class='ocrx_word' id='word_1_113' title='bbox 555 2528 638 2627; x_wconf 88' lang='lat' dir='ltr'><strong>ipse</strong></span> <span class='ocrx_word' id='word_1_114' title='bbox 664 2530 776 2607; x_wconf 83' lang='lat' dir='ltr'><strong>etiam</strong></span> <span class='ocrx_word' id='word_1_115' title='bbox 799 2528 900 2619; x_wconf 87' lang='lat' dir='ltr'><strong>risit,</strong></span> <span class='ocrx_word' id='word_1_116' title='bbox 925 2553 1117 2627; x_wconf 81' lang='lat' dir='ltr'><strong>nexusque</strong></span> <span class='ocrx_word' id='word_1_117' title='bbox 1143 2529 1305 2603; x_wconf 82' lang='lat' dir='ltr'><strong>virentes</strong></span> 
     </span>
    </p>

    <p class='ocr_par' dir='ltr' id='par_1_8' title="bbox 308 2647 1515 3109">
     <span class='ocr_line' id='line_1_18' title="bbox 308 2647 1456 2750; baseline 0 -30"><span class='ocrx_word' id='word_1_118' title='bbox 308 2649 471 2750; x_wconf 50' lang='lat' dir='ltr'><strong>„eapte</strong></span> <span class='ocrx_word' id='word_1_119' title='bbox 498 2667 535 2722; x_wconf 91' lang='lat' dir='ltr'><strong>et</strong></span> <span class='ocrx_word' id='word_1_120' title='bbox 561 2647 735 2750; x_wconf 81' lang='lat' dir='ltr'><strong>explicuit</strong></span> <span class='ocrx_word' id='word_1_121' title='bbox 759 2675 843 2722; x_wconf 91' lang='lat' dir='ltr'><strong>sese</strong></span> <span class='ocrx_word' id='word_1_122' title='bbox 855 2677 868 2745; x_wconf 80' lang='lat'>5</span> <span class='ocrx_word' id='word_1_123' title='bbox 895 2648 1178 2749; x_wconf 72' lang='lat' dir='ltr'><strong>exemplumque</strong></span> <span class='ocrx_word' id='word_1_124' title='bbox 1205 2666 1335 2721; x_wconf 87' lang='lat' dir='ltr'><strong>seeuta</strong></span> <span class='ocrx_word' id='word_1_125' title='bbox 1453 2653 1456 2658; x_wconf 84' lang='grc'><strong>’</strong></span> 
     </span>
     <span class='ocr_line' id='line_1_19' title="bbox 309 2769 1515 2871; baseline 0.001 -29"><span class='ocrx_word' id='word_1_126' title='bbox 309 2771 498 2860; x_wconf 66' lang='lat' dir='ltr'><strong>„Caetera</strong></span> <span class='ocrx_word' id='word_1_127' title='bbox 522 2770 632 2843; x_wconf 89' lang='lat' dir='ltr'><strong>turba</strong></span> <span class='ocrx_word' id='word_1_128' title='bbox 656 2771 768 2843; x_wconf 88' lang='lat' dir='ltr'><strong>etiam</strong></span> <span class='ocrx_word' id='word_1_129' title='bbox 792 2771 904 2871; x_wconf 89' lang='lat' dir='ltr'><strong>pictis</strong></span> <span class='ocrx_word' id='word_1_130' title='bbox 932 2787 1044 2871; x_wconf 88' lang='lat' dir='ltr'><strong>eaput</strong></span> <span class='ocrx_word' id='word_1_131' title='bbox 1070 2769 1199 2842; x_wconf 84' lang='lat' dir='ltr'><strong>extulit</strong></span> <span class='ocrx_word' id='word_1_132' title='bbox 1222 2770 1339 2845; x_wconf 87' lang='lat' dir='ltr'><strong>urnis.</strong></span> <span class='ocrx_word' id='word_1_133' title='bbox 1442 2785 1515 2853; x_wconf 77' lang='lat'><strong>300</strong></span> 
     </span>
     <span class='ocr_line' id='line_1_20' title="bbox 309 2889 1414 2991; baseline 0.004 -30"><span class='ocrx_word' id='word_1_134' title='bbox 309 2893 389 2979; x_wconf 70' lang='lat' dir='ltr'><strong>„At</strong></span> <span class='ocrx_word' id='word_1_135' title='bbox 415 2917 554 2990; x_wconf 83' lang='lat' dir='ltr'><strong>caepae</strong></span> <span class='ocrx_word' id='word_1_136' title='bbox 581 2908 764 2991; x_wconf 88' lang='lat' dir='ltr'><strong>quotquot</strong></span> <span class='ocrx_word' id='word_1_137' title='bbox 789 2891 959 2980; x_wconf 85' lang='lat' dir='ltr'><strong>fuerant,</strong></span> <span class='ocrx_word' id='word_1_138' title='bbox 984 2908 1097 2989; x_wconf 88' lang='lat' dir='ltr'><strong>atque</strong></span> <span class='ocrx_word' id='word_1_139' title='bbox 1125 2889 1214 2962; x_wconf 89' lang='lat' dir='ltr'><strong>allia</strong></span> <span class='ocrx_word' id='word_1_140' title='bbox 1239 2891 1279 2961; x_wconf 88' lang='lat' dir='ltr'><strong>in</strong></span> <span class='ocrx_word' id='word_1_141' title='bbox 1303 2891 1414 2964; x_wconf 88' lang='lat' dir='ltr'><strong>horto</strong></span> 
     </span>
     <span class='ocr_line' id='line_1_21' title="bbox 311 3011 1305 3109; baseline -0.001 -26"><span class='ocrx_word' id='word_1_142' title='bbox 311 3012 524 3101; x_wconf 67' lang='lat' dir='ltr'><strong>„Continuo</strong></span> <span class='ocrx_word' id='word_1_143' title='bbox 551 3029 695 3105; x_wconf 72' lang='lat' dir='ltr'><strong>trpxere</strong></span> <span class='ocrx_word' id='word_1_144' title='bbox 720 3012 839 3101; x_wconf 89' lang='lat' dir='ltr'><strong>luem,</strong></span> <span class='ocrx_word' id='word_1_145' title='bbox 865 3011 1074 3109; x_wconf 89' lang='lat' dir='ltr'><strong>morboque</strong></span> <span class='ocrx_word' id='word_1_146' title='bbox 1100 3011 1305 3109; x_wconf 87' lang='lat' dir='ltr'><strong>peremptis</strong></span> 
     </span>
    </p>
   </div>
   <div class='ocr_carea' id='block_1_3' title="bbox 189 3129 1306 3231">
    <p class='ocr_par' dir='ltr' id='par_1_9' title="bbox 189 3129 1306 3231">
     <span class='ocr_line' id='line_1_22' title="bbox 189 3129 1306 3231; baseline -0.007 -21"><span class='ocrx_word' id='word_1_147' title='bbox 189 3207 192 3210; x_wconf 75' lang='grc'>,</span> <span class='ocrx_word' id='word_1_148' title='bbox 309 3132 565 3223; x_wconf 68' lang='lat' dir='ltr'><strong>„Successere</strong></span> <span class='ocrx_word' id='word_1_149' title='bbox 591 3130 654 3204; x_wconf 83' lang='lat' dir='ltr'><strong>atii</strong></span> <span class='ocrx_word' id='word_1_150' title='bbox 677 3130 850 3222; x_wconf 81' lang='lat' dir='ltr'><strong>frutices,</strong></span> <span class='ocrx_word' id='word_1_151' title='bbox 874 3131 1020 3231; x_wconf 88' lang='lat' dir='ltr'><strong>flosque</strong></span> <span class='ocrx_word' id='word_1_152' title='bbox 1047 3153 1181 3201; x_wconf 89' lang='lat' dir='ltr'><strong>aureus</strong></span> <span class='ocrx_word' id='word_1_153' title='bbox 1206 3129 1306 3202; x_wconf 88' lang='lat' dir='ltr'><strong>inter</strong></span> 
     </span>
    </p>
   </div>
   <div class='ocr_carea' id='block_1_4' title="bbox 306 3249 1514 4324">
    <p class='ocr_par' dir='ltr' id='par_1_10' title="bbox 309 3249 1382 3356">
     <span class='ocr_line' id='line_1_23' title="bbox 309 3249 1382 3356; baseline 0.001 -31"><span class='ocrx_word' id='word_1_154' title='bbox 309 3259 547 3356; x_wconf 71' lang='lat' dir='ltr'><strong>„Purpureos</strong></span> <span class='ocrx_word' id='word_1_155' title='bbox 571 3253 760 3354; x_wconf 86' lang='lat' dir='ltr'><strong>reliquos,</strong></span> <span class='ocrx_word' id='word_1_156' title='bbox 786 3254 846 3326; x_wconf 88' lang='lat' dir='ltr'><strong>oui</strong></span> <span class='ocrx_word' id='word_1_157' title='bbox 872 3278 961 3324; x_wconf 82' lang='lat' dir='ltr'><strong>crux</strong></span> <span class='ocrx_word' id='word_1_158' title='bbox 987 3267 1024 3323; x_wconf 89' lang='lat' dir='ltr'><strong>et</strong></span> <span class='ocrx_word' id='word_1_159' title='bbox 1046 3249 1169 3322; x_wconf 84' lang='lat' dir='ltr'><strong>tristia</strong></span> <span class='ocrx_word' id='word_1_160' title='bbox 1195 3251 1382 3351; x_wconf 86' lang='lat' dir='ltr'><strong>quaedam</strong></span> 
     </span>
    </p>

    <p class='ocr_par' dir='ltr' id='par_1_11' title="bbox 308 3369 1511 3596">
     <span class='ocr_line' id='line_1_24' title="bbox 308 3369 1511 3477; baseline -0.003 -29"><span class='ocrx_word' id='word_1_161' title='bbox 308 3375 537 3477; x_wconf 66' lang='lat' dir='ltr'><strong>„Symbola,</strong></span> <span class='ocrx_word' id='word_1_162' title='bbox 563 3373 728 3447; x_wconf 86' lang='lat' dir='ltr'><strong>malleoli</strong></span> <span class='ocrx_word' id='word_1_163' title='bbox 752 3374 792 3446; x_wconf 90' lang='lat' dir='ltr'><strong>in</strong></span> <span class='ocrx_word' id='word_1_164' title='bbox 816 3373 938 3462; x_wconf 82' lang='lat' dir='ltr'><strong>foliis,</strong></span> <span class='ocrx_word' id='word_1_165' title='bbox 967 3388 1004 3444; x_wconf 92' lang='lat' dir='ltr'><strong>et</strong></span> <span class='ocrx_word' id='word_1_166' title='bbox 1028 3370 1154 3470; x_wconf 82' lang='lat' dir='ltr'><strong>virgea</strong></span> <span class='ocrx_word' id='word_1_167' title='bbox 1179 3369 1339 3470; x_wconf 79' lang='lat' dir='ltr'><strong>flagra.“</strong></span> <span class='ocrx_word' id='word_1_168' title='bbox 1439 3394 1511 3463; x_wconf 75' lang='lat'><strong>305</strong></span> 
     </span>
     <span class='ocr_line' id='line_1_25' title="bbox 408 3493 1316 3596; baseline 0.001 -27"><span class='ocrx_word' id='word_1_169' title='bbox 408 3495 516 3569; x_wconf 81' lang='lat' dir='ltr'><strong>Talia</strong></span> <span class='ocrx_word' id='word_1_170' title='bbox 540 3495 723 3569; x_wconf 56' lang='lat' dir='ltr'><strong>narrabat&gt;</strong></span> <span class='ocrx_word' id='word_1_171' title='bbox 743 3494 886 3568; x_wconf 88' lang='lat' dir='ltr'><strong>eunetis</strong></span> <span class='ocrx_word' id='word_1_172' title='bbox 911 3493 1131 3566; x_wconf 87' lang='lat' dir='ltr'><strong>mirantibus</strong></span> <span class='ocrx_word' id='word_1_173' title='bbox 1157 3493 1316 3596; x_wconf 74' lang='lat' dir='ltr'><strong>hospest</strong></span> 
     </span>
    </p>

    <p class='ocr_par' dir='ltr' id='par_1_12' title="bbox 309 3615 1206 3714">
     <span class='ocr_line' id='line_1_26' title="bbox 309 3615 1206 3714; baseline -0.002 -26"><span class='ocrx_word' id='word_1_174' title='bbox 309 3618 391 3689; x_wconf 85' lang='lat' dir='ltr'><strong>Nee</strong></span> <span class='ocrx_word' id='word_1_175' title='bbox 416 3616 498 3689; x_wconf 87' lang='lat' dir='ltr'><strong>finis</strong></span> <span class='ocrx_word' id='word_1_176' title='bbox 525 3618 649 3710; x_wconf 84' lang='lat' dir='ltr'><strong>fandi,</strong></span> <span class='ocrx_word' id='word_1_177' title='bbox 664 3636 733 3692; x_wconf 80' lang='lat' dir='ltr'><strong>tot</strong></span> <span class='ocrx_word' id='word_1_178' title='bbox 755 3615 872 3690; x_wconf 88' lang='lat' dir='ltr'><strong>millia</strong></span> <span class='ocrx_word' id='word_1_179' title='bbox 895 3637 1054 3714; x_wconf 89' lang='lat' dir='ltr'><strong>poscere</strong></span> <span class='ocrx_word' id='word_1_180' title='bbox 1081 3639 1206 3687; x_wconf 88' lang='lat' dir='ltr'><strong>rerum</strong></span> 
     </span>
    </p>

    <p class='ocr_par' dir='ltr' id='par_1_13' title="bbox 308 3736 1289 3837">
     <span class='ocr_line' id='line_1_27' title="bbox 308 3736 1289 3837; baseline 0.002 -28"><span class='ocrx_word' id='word_1_181' title='bbox 308 3741 426 3811; x_wconf 85' lang='lat' dir='ltr'><strong>Instat</strong></span> <span class='ocrx_word' id='word_1_182' title='bbox 448 3738 569 3812; x_wconf 89' lang='lat' dir='ltr'><strong>adhue</strong></span> <span class='ocrx_word' id='word_1_183' title='bbox 594 3738 714 3812; x_wconf 88' lang='lat' dir='ltr'><strong>denso</strong></span> <span class='ocrx_word' id='word_1_184' title='bbox 738 3736 964 3811; x_wconf 81' lang='lat' dir='ltr'><strong>circumfusa</strong></span> <span class='ocrx_word' id='word_1_185' title='bbox 989 3737 1136 3837; x_wconf 80' lang='lat' dir='ltr'><strong>agmine</strong></span> <span class='ocrx_word' id='word_1_186' title='bbox 1163 3738 1289 3827; x_wconf 88' lang='lat' dir='ltr'><strong>turba,</strong></span> 
     </span>
    </p>

    <p class='ocr_par' dir='ltr' id='par_1_14' title="bbox 307 3839 1475 3960">
     <span class='ocr_line' id='line_1_28' title="bbox 307 3839 1475 3960; baseline 0.003 -30"><span class='ocrx_word' id='word_1_187' title='bbox 307 3857 566 3960; x_wconf 81' lang='lat' dir='ltr'><strong>Effugiumque</strong></span> <span class='ocrx_word' id='word_1_188' title='bbox 590 3877 726 3934; x_wconf 81' lang='lat' dir='ltr'><strong>vetant.</strong></span> <span class='ocrx_word' id='word_1_189' title='bbox 776 3859 906 3948; x_wconf 73' lang='lat' dir='ltr'><strong>„Satis</strong></span> <span class='ocrx_word' id='word_1_190' title='bbox 933 3875 1009 3937; x_wconf 85' lang='lat' dir='ltr'><strong>est:</strong></span> <span class='ocrx_word' id='word_1_191' title='bbox 1033 3859 1235 3959; x_wconf 88' lang='lat' dir='ltr'><strong>permittite</strong></span> <span class='ocrx_word' id='word_1_192' title='bbox 1260 3839 1337 3957; x_wconf 78' lang='lat' dir='ltr'><strong>jani</strong></span> <span class='ocrx_word' id='word_1_193' title='bbox 1361 3883 1475 3951; x_wconf 83' lang='lat' dir='ltr'><strong>nune,</strong></span> 
     </span>
    </p>

    <p class='ocr_par' dir='ltr' id='par_1_15' title="bbox 306 3978 1514 4081">
     <span class='ocr_line' id='line_1_29' title="bbox 306 3978 1514 4081; baseline 0 -31"><span class='ocrx_word' id='word_1_194' title='bbox 306 3979 385 4067; x_wconf 75' lang='lat' dir='ltr'><strong>„Ut</strong></span> <span class='ocrx_word' id='word_1_195' title='bbox 408 4007 563 4081; x_wconf 79' lang='lat' dir='ltr'><strong>pagum,</strong></span> <span class='ocrx_word' id='word_1_196' title='bbox 591 3999 629 4054; x_wconf 92' lang='lat' dir='ltr'><strong>et</strong></span> <span class='ocrx_word' id='word_1_197' title='bbox 646 3981 789 4081; x_wconf 88' lang='lat' dir='ltr'><strong>patrios</strong></span> <span class='ocrx_word' id='word_1_198' title='bbox 815 4005 926 4081; x_wconf 81' lang='lat' dir='ltr'><strong>agros</strong></span> <span class='ocrx_word' id='word_1_199' title='bbox 952 3997 1064 4079; x_wconf 89' lang='lat' dir='ltr'><strong>atque</strong></span> <span class='ocrx_word' id='word_1_200' title='bbox 1088 4006 1177 4054; x_wconf 86' lang='lat' dir='ltr'><strong>arva</strong></span> <span class='ocrx_word' id='word_1_201' title='bbox 1201 3978 1359 4052; x_wconf 76' lang='lat' dir='ltr'><strong>revisam</strong></span> <span class='ocrx_word' id='word_1_202' title='bbox 1365 4006 1379 4074; x_wconf 81' lang='lat'>3</span> <span class='ocrx_word' id='word_1_203' title='bbox 1441 3997 1514 4062; x_wconf 74' lang='lat'><strong>510</strong></span> 
     </span>
    </p>

    <p class='ocr_par' dir='ltr' id='par_1_16' title="bbox 307 4097 1480 4201">
     <span class='ocr_line' id='line_1_30' title="bbox 307 4097 1480 4201; baseline 0.002 -31"><span class='ocrx_word' id='word_1_204' title='bbox 307 4101 506 4200; x_wconf 70' lang='lat' dir='ltr'><strong>„Namque</strong></span> <span class='ocrx_word' id='word_1_205' title='bbox 515 4102 579 4176; x_wconf 80' lang='lat' dir='ltr'><strong>diu</strong></span> <span class='ocrx_word' id='word_1_206' title='bbox 592 4103 692 4176; x_wconf 86' lang='lat' dir='ltr'><strong>hunc</strong></span> <span class='ocrx_word' id='word_1_207' title='bbox 700 4102 873 4176; x_wconf 84' lang='lat' dir='ltr'><strong>haustum</strong></span> <span class='ocrx_word' id='word_1_208' title='bbox 896 4101 982 4201; x_wconf 89' lang='lat' dir='ltr'><strong>puri</strong></span> <span class='ocrx_word' id='word_1_209' title='bbox 1005 4099 1167 4172; x_wconf 87' lang='lat' dir='ltr'><strong>aetheris</strong></span> <span class='ocrx_word' id='word_1_210' title='bbox 1194 4097 1277 4170; x_wconf 85' lang='lat' dir='ltr'><strong>exul</strong></span> <span class='ocrx_word' id='word_1_211' title='bbox 1302 4101 1480 4174; x_wconf 84' lang='lat' dir='ltr'><strong>anhelo.“</strong></span> 
     </span>
    </p>

    <p class='ocr_par' dir='ltr' id='par_1_17' title="bbox 311 4219 1510 4324">
     <span class='ocr_line' id='line_1_31' title="bbox 311 4219 1510 4324; baseline 0.003 -34"><span class='ocrx_word' id='word_1_212' title='bbox 311 4219 447 4310; x_wconf 69' lang='lat' dir='ltr'><strong>sinuit,</strong></span> <span class='ocrx_word' id='word_1_213' title='bbox 472 4241 584 4323; x_wconf 91' lang='lat' dir='ltr'><strong>atque</strong></span> <span class='ocrx_word' id='word_1_214' title='bbox 593 4223 728 4297; x_wconf 87' lang='lat' dir='ltr'><strong>iterum</strong></span> <span class='ocrx_word' id='word_1_215' title='bbox 746 4224 785 4295; x_wconf 93' lang='lat' dir='ltr'><strong>in</strong></span> <span class='ocrx_word' id='word_1_216' title='bbox 792 4219 1117 4324; x_wconf 78' lang='lat' dir='ltr'><strong>poteramreliqua</strong></span> <span class='ocrx_word' id='word_1_217' title='bbox 1130 4219 1311 4320; x_wconf 83' lang='lat' dir='ltr'><strong>amphora</strong></span> <span class='ocrx_word' id='word_1_218' title='bbox 1323 4247 1429 4296; x_wconf 88' lang='lat' dir='ltr'><strong>versa</strong></span> <span class='ocrx_word' id='word_1_219' title='bbox 1440 4240 1510 4313; x_wconf 86' lang='lat' dir='ltr'><strong>est,</strong></span> 
     </span>
    </p>
   </div>
   <div class='ocr_carea' id='block_1_5' title="bbox 308 4365 532 4381">
    <p class='ocr_par' dir='ltr' id='par_1_18' title="bbox 308 4365 532 4381">
     <span class='ocr_line' id='line_1_32' title="bbox 308 4365 532 4381; baseline 0.004 -1"><span class='ocrx_word' id='word_1_220' title='bbox 308 4365 532 4381; x_wconf 54' lang='lat' dir='ltr'><strong>Bm</strong></span> 
     </span>
    </p>
   </div>
   <div class='ocr_carea' id='block_1_6' title="bbox 308 4430 750 4500">
    <p class='ocr_par' dir='ltr' id='par_1_19' title="bbox 308 4430 750 4500">
     <span class='ocr_line' id='line_1_33' title="bbox 308 4430 750 4500; baseline 0.009 -20"><span class='ocrx_word' id='word_1_221' title='bbox 308 4430 345 4480; x_wconf 83' lang='lat' dir='ltr'><strong>V.</strong></span> <span class='ocrx_word' id='word_1_222' title='bbox 363 4433 424 4484; x_wconf 74' lang='lat' dir='ltr'><strong>tte.</strong></span> <span class='ocrx_word' id='word_1_223' title='bbox 443 4433 607 4484; x_wconf 80' lang='lat' dir='ltr'><strong>Pharius.</strong></span> <span class='ocrx_word' id='word_1_224' title='bbox 629 4433 653 4500; x_wconf 88' lang='lat'><strong>1,</strong></span> <span class='ocrx_word' id='word_1_225' title='bbox 672 4435 699 4484; x_wconf 73' lang='lat'><strong>2.</strong></span> <span class='ocrx_word' id='word_1_226' title='bbox 746 4460 750 4470; x_wconf 91' lang='lat'>·</span> 
     </span>
    </p>
   </div>
   <div class='ocr_carea' id='block_1_7' title="bbox 310 4519 1511 4680">
    <p class='ocr_par' dir='ltr' id='par_1_20' title="bbox 310 4519 1511 4680">
     <span class='ocr_line' id='line_1_34' title="bbox 310 4519 1511 4624; baseline 0.002 -41"><span class='ocrx_word' id='word_1_227' title='bbox 310 4533 345 4583; x_wconf 79' lang='lat' dir='ltr'><strong>v.</strong></span> <span class='ocrx_word' id='word_1_228' title='bbox 364 4535 426 4586; x_wconf 76' lang='lat'><strong>2⁰2.</strong></span> <span class='ocrx_word' id='word_1_229' title='bbox 443 4534 515 4585; x_wconf 71' lang='lat' dir='ltr'><strong>Edit.</strong></span> <span class='ocrx_word' id='word_1_230' title='bbox 541 4535 642 4586; x_wconf 82' lang='lat' dir='ltr'><strong>venet.</strong></span> <span class='ocrx_word' id='word_1_231' title='bbox 672 4548 723 4601; x_wconf 80' lang='lat' dir='ltr'><strong>pro</strong></span> <span class='ocrx_word' id='word_1_232' title='bbox 745 4538 966 4604; x_wconf 78' lang='lat' dir='ltr'><strong>enryophila</strong></span> <span class='ocrx_word' id='word_1_233' title='bbox 987 4519 1242 4624; x_wconf 60' lang='grc' dir='ltr'><strong>(καρυόφυλλα)</strong></span> <span class='ocrx_word' id='word_1_234' title='bbox 1269 4539 1417 4590; x_wconf 78' lang='lat' dir='ltr'><strong>emendans</strong></span> <span class='ocrx_word' id='word_1_235' title='bbox 1441 4535 1511 4602; x_wconf 77' lang='lat' dir='ltr'><strong>legit</strong></span> 
     </span>
     <span class='ocr_line' id='line_1_35' title="bbox 452 4626 659 4680; baseline 0.005 -2"><span class='ocrx_word' id='word_1_236' title='bbox 452 4627 533 4679; x_wconf 83' lang='lat' dir='ltr'><strong>eolo</strong></span> <span class='ocrx_word' id='word_1_237' title='bbox 543 4638 583 4680; x_wconf 80' lang='lat' dir='ltr'><strong>ea</strong></span> <span class='ocrx_word' id='word_1_238' title='bbox 591 4641 606 4678; x_wconf 77' lang='lat' dir='ltr'><strong>s</strong></span> <span class='ocrx_word' id='word_1_239' title='bbox 615 4626 659 4679; x_wconf 71' lang='lat' dir='ltr'><strong>ia</strong></span> 
     </span>
    </p>
   </div>
   <div class='ocr_carea' id='block_1_8' title="bbox 0 0 1822 5667">
    <p class='ocr_par' dir='ltr' id='par_1_21' title="bbox 0 0 1822 5667">
     <span class='ocr_line' id='line_1_36' title="bbox 0 0 1822 5667; baseline 0 3"><span class='ocrx_word' id='word_1_240' title='bbox 0 0 1822 5667; x_wconf 95' lang='lat' dir='ltr'><strong> </strong></span> 
     </span>
    </p>
   </div>
  </div>
 </body>
</html>
