3634 5667
666 531 1049 636 -uieuar
1441 579 1487 646 21
1618 608 1623 628 ι

299 768 348 838 Et
372 762 495 863 digitis
520 778 728 836 monstrare
752 758 896 849 losum,
923 775 960 830 et
983 756 1199 858 promittere
1225 775 1347 834 certos
1414 771 1488 866 ¹545

300 885 579 984 Quamprimum
600 883 640 954 in
662 881 822 983 patriam
845 878 1011 972 reditust
1037 893 1149 976 atque
1173 878 1325 981 insuper
1350 881 1491 957 addunt

300 1004 487 1082 Juditham
510 1004 599 1076 Jesu
623 1003 865 1103 desponsam,
888 1001 987 1073 hane
1009 998 1149 1071 nubere
1176 1002 1287 1076 certis

299 1128 495 1200 Promissis
518 1129 651 1199 Puero.
700 1128 797 1196 Tum
820 1123 923 1194 faeta
946 1119 1092 1194 silentia
1116 1118 1261 1220 linguis,

299 1249 535 1346 lnjeetus'que
561 1274 694 1349 paror,
721 1245 916 1355 sopitaque
939 1241 1059 1342 jurgia
1083 1258 1283 1328 amantum,

299 1369 403 1442 Illico
428 1366 679 1468 deproperant
703 1363 872 1439 certatim
898 1390 919 1436 e
945 1363 1040 1438 eolle
1065 1360 1196 1435 virenti
1420 1379 1491 1446 550

299 1489 546 1588 Praecipites,
573 1487 727 1560 ducibus
751 1486 887 1586 pueris.
938 1482 1012 1557 Ubi
1037 1482 1154 1559 vero?
1178 1482 1244 1557 ubi
1268 1483 1372 1560 risa?

301 1607 460 1681 Solliciti
483 1609 688 1706 intentique
712 1621 857 1706 rogant.
906 1604 966 1676 llli
993 1603 1117 1678 omnia
1143 1604 1283 1677 circum

300 1731 493 1828 Vestigare
519 1728 657 1804 oeulist
682 1727 752 1800 Hie
776 1727 934 1827 primum
959 1723 1109 1825 objecta
1133 1726 1311 1822 Monaesi,

299 1849 370 1920 Hie
396 1866 484 1921 erat
535 1851 605 1923 Ast
628 1848 705 1919 illie
728 1848 804 1946 jam
828 1846 914 1920 fons
940 1861 1136 1946 argenteus
1161 1845 1262 1918 unda

302 1969 507 2069 Stagnabat
532 1971 666 2060 vitrea3
689 1967 898 2068 violaeque,
920 1991 1105 2066 rosaeque
1130 1968 1294 2040 marinae
1423 1967 1493 2049 5'55

301 2089 384 2187 (Sic
408 2089 490 2162 Itali
515 2089 708 2189 appellant
732 2087 854 2187 albas)
881 2107 1082 2162 cernuntur
1107 2091 1145 2161 in
1171 2089 1297 2164 herba.
1383 2159 1386 2166 .

223 2192 1295 2310 -fflmmmmfflmwmmmm

299 2331 429 2405 Pineta
454 2329 667 2418 otlaricus,
689 2330 897 2427 iterumque
920 2330 1126 2430 iterumque
1151 2349 1283 2408 vocata

299 2449 375 2521 Ulli
398 2475 557 2548 usquam
579 2475 763 2550 responsa
787 2449 911 2525 dabat.
962 2452 1108 2543 Viden',
1134 2454 1304 2544 Ismaris,
1330 2451 1453 2524 illam!

298 2570 461 2650 Eccilla!
484 2574 536 2643 At
559 2572 682 2644 subito
707 2597 751 2646 ex
775 2569 893 2644 oculis
918 2572 1082 2648 evanuitz
1108 2588 1147 2645 at
1170 2599 1255 2646 mox
1417 2565 1491 2656 5'60

298 2693 391 2765 Visa
412 2692 544 2764 iterum
569 2692 650 2765 tilia
673 2715 784 2790 super
802 2690 905 2775 altus
933 2705 971 2764 et
992 2693 1070 2766 visa
1095 2690 1240 2792 refugit.

299 2816 356 2884 En
381 2839 533 2890 rursum,
552 2813 769 2912 instagno!
803 2813 979 2886 Raehelis
1004 2806 1071 2886 se'd
1093 2811 1163 2886 fuit
1188 2837 1293 2886 emor
1300 2840 1313 2908 3

298 2935 469 3033 Namque
493 2933 634 3006 eratin
659 2933 778 3021 nube,
804 2950 841 3006 et
863 2936 981 3008 vitreo
1007 2935 1213 3035 apparebat
1232 2936 1273 3008 in
1298 2959 1407 3008 amne

299 3055 380 3126 Nee
407 3053 541 3126 deinde
566 3053 718 3126 ulterius
740 3054 819 3126 risa
842 3054 919 3130 ulli.
969 3057 1019 3128 At
1042 3054 1163 3128 territi
1187 3073 1353 3157 agrestes

300 3173 474 3248 Golleetis
499 3173 622 3246 eedris
648 3173 876 3246 silvestribus
901 3193 1012 3274 atque
1031 3175 1195 3276 ligustris
1418 3192 1488 3259 565

298 3295 485 3369 Juditham
505 3295 591 3368 lesu
611 3293 836 3393 desponsam
858 3297 929 3368 rite
955 3296 1163 3387 sacrabant,

297 3418 420 3515 Ignari
446 3432 585 3514 quanto
610 3440 651 3488 se
674 3416 824 3488 nomine
847 3416 955 3491 tollet
980 3417 1028 3489 ad
1054 3434 1153 3490 astra

296 3537 473 3608 Bellatrix
498 3534 706 3633 quondam3
733 3552 910 3628 quantum
934 3535 1030 3609 feret
1051 3536 1168 3612 ardua
1185 3537 1329 3638 polmus

299 3654 486 3728 luditham
511 3679 622 3753 super
646 3655 853 3752 antiquam3
880 3681 1050 3755 quaeque
1074 3657 1203 3730 inolita
1226 3683 1350 3731 rerum

297 3777 394 3848 Hine
418 3774 534 3848 series
561 3775 699 3846 oritura
720 3775 870 3872 ingens,
896 3777 1038 3850 Jesseia
1061 3795 1260 3878 postquam
1417 3795 1488 3862 570

297 3896 490 3968 Parthenia
514 3895 554 3966 in
576 3895 719 3995 patrios
742 3897 995 3996 remigraverit
1020 3898 1118 3976 elma
1133 3914 1303 3998 penates.

297 4107 331 4158 V.
351 4109 413 4159 ott.
430 4108 449 4157 J
457 4108 614 4158 udittram
631 4118 742 4169 super
764 4106 953 4172 aretquam
970 4108 1031 4160 soll.
1059 4108 1143 4160 fillum
1160 4109 1264 4160 Meteri
1286 4108 1422 4176 salebram
1448 4113 1484 4162 ob

435 4200 590 4265 litteratam,
609 4211 689 4262 quam
707 4197 872 4247 Holofernae
888 4199 1040 4268 obsidebat,
1060 4201 1222 4255 Bethulism.
1242 4198 1300 4254 cn.
1308 4201 1369 4254 libr.
1380 4201 1482 4254 ludite.

298 4311 331 4361 v.
350 4315 410 4364 aro.
429 4311 588 4364 torreta
609 4310 733 4364 catu.
753 4311 776 4377 1,
792 4313 854 4362 sos.

739 4515 1025 4561 ψ
