3634 5667
348 530 396 599 26
780 516 1021 588 LIBER
1070 519 1114 590 11.

348 712 527 788 Convehit
549 725 763 784 autumnum
785 709 962 812 plaustris
982 713 1211 812 ingentibus.
1260 719 1309 790 Et
1327 719 1408 822 jam

345 835 433 909 Plus
456 831 600 924 medio,
623 848 664 905 ut
688 831 806 923 solet,
830 833 978 907 octobri
1002 834 1186 909 vindemia
1210 834 1330 912 ferme

344 959 484 1029 Exacta
508 954 548 1025 ia
573 954 715 1055 campis
739 953 880 1032 fueratz
904 954 1072 1028 restabat
1096 957 1246 1056 apricus

345 1077 500 1149 Anariae
527 1074 653 1166 collis,
680 1101 755 1175 quo
781 1100 823 1149 se
846 1101 939 1177 gens
963 1077 1103 1150 rustica
1128 1077 1279 1152 brochis
1385 1125 1386 1130 ,

343 1198 467 1296 Atque
487 1195 592 1268 uncis
616 1194 753 1269 tulerat
776 1196 917 1289 cultris,
943 1197 1188 1297 confertaque
1212 1201 1353 1298 passim
1469 1221 1540 1289 105

343 1318 493 1390 Vimine
518 1333 625 1388 erant
647 1316 762 1416 nigris
788 1318 886 1394 uriae
913 1335 1022 1390 sonat
1047 1319 1166 1392 omnis
1192 1323 1330 1418 agresti

343 1437 502 1510 Laetitia
528 1453 566 1508 et
590 1454 701 1509 cantu
727 1438 853 1512 clivus.
904 1437 995 1512 Cum
1019 1465 1154 1512 raucus
1181 1457 1307 1514 arator

342 1558 500 1632 Auditus
525 1558 658 1660 procul
682 1584 703 1633 e
731 1559 844 1633 sulcis
869 1558 1064 1654 intendere
1089 1585 1218 1634 rocem

341 1682 544 1779 Ingentem,
571 1698 609 1752 et
632 1698 840 1754 monstrare
864 1709 978 1755 manu
993 1680 1169 1783 quiddam
1187 1683 1349 1761 cminust
1373 1687 1540 1765 Hense!

342 1801 434 1891 VoS,
459 1801 592 1901 inquit,
617 1801 759 1875 Mariae
774 1802 948 1876 redeunti
969 1803 1172 1899 occurrite,
1200 1831 1363 1904 namque
1378 1806 1439 1878 hic
1466 1822 1541 1888 110

340 1923 415 1993 Bos
442 1946 557 1992 cornu
581 1921 686 2023 petit,
713 1941 751 1994 et
776 1949 926 2024 nequeo
951 1923 1158 2001 discedere.
1211 1924 1287 1997 Sed
1311 1949 1408 2000 ronv

343 2045 439 2115 Tem
460 2042 594 2143 procul
619 2040 738 2114 audiri
763 2043 862 2116 haud
886 2060 1053 2146 poterat,
1080 2023 1292 2145 frustraque
1317 2071 1386 2147 per
1412 2071 1524 2120 auras

340 2165 447 2262 Itque
471 2164 642 2263 reditque
666 2161 766 2234 idem
789 2190 931 2238 venosa
958 2191 978 2237 e
1002 2161 1146 2264 gutture
1172 2166 1326 2240 elamor.
1386 2173 1389 2182 '

234 2295 238 2308 '
340 2286 392 2358 Ar
413 2284 628 2358 Jerichunta
653 2306 804 2358 emensa
826 2286 944 2358 oeulis
966 2285 1040 2358 lete
1065 2286 1233 2386 undiquc
1260 2311 1426 2388 campos,

340 2404 463 2505 Atque
489 2431 622 2480 arcens
646 2404 816 2480 manibus
839 2405 1028 2507 phoebeia
1053 2407 1196 2507 spicula
1219 2409 1399 2508 utrisque,
1465 2421 1538 2490 115

339 2527 411 2605 Per
437 2525 570 2599 callem
594 2527 763 2627 exiguum
785 2527 845 2601 rix
869 2527 985 2600 multo
1011 2527 1049 2598 in
1075 2527 1212 2600 lumine
1235 2527 1327 2602 solis

240 2677 248 2697 ⁸
339 2648 500 2748 Agnovit
522 2648 693 2741 reduces,
719 2650 936 2748 intentoque
962 2646 1088 2722 indiae
1113 2650 1223 2722 matri

340 2769 558 2846 Monstravit
581 2769 760 2863 Zehidae,
785 2770 1018 2844 haecMiriae
1028 2787 1139 2869 atquc
1151 2770 1315 2871 Orphae,
1333 2767 1537 2869 Orphaque

965 2891 1091 2980 Osiae,
1444 2923 1447 2932 ¹

340 3010 463 3110 Atque
484 3013 545 3089 hic
570 3011 773 3100 Romaliae,
799 3011 893 3083 haec
914 3011 1005 3082 Liae
1030 3008 1116 3107 (sed
1140 3026 1362 3081 nontamen
1385 3005 1489 3078 illam
1514 3019 1537 3035 “

343 3129 503 3203 Credere
526 3133 604 3207 vult
624 3128 842 3230 Jonathas)t
865 3129 958 3219 „illa
984 3147 1052 3220 est,
1079 3127 1155 3217 illa,
1181 3127 1301 3225 inquit
1325 3128 1439 3216 Elisa,
1464 3139 1538 3206 120

343 3252 462 3351 Quam
486 3268 523 3324 te
550 3278 619 3352 ego
632 3267 868 3354 praesentem
883 3247 1033 3323 videon
1055 3248 1331 3347 „Quopiguore
1358 3245 1540 3322 certas(m

339 3375 450 3473 „Quo
476 3393 515 3446 tu
536 3400 681 3473 cunque
706 3372 795 3448 velis
805 3382 844 3444 2¹¹
869 3370 1113 3470 signabatque
1139 3368 1263 3444 indice
1289 3385 1411 3460 certo,

293 3519 297 3522 ·
339 3496 420 3566 Nec
445 3496 519 3592 jam
544 3521 672 3571 amens
698 3494 821 3566 animo
845 3508 1013 3592 poteret,
1039 3512 1109 3566 nec
1135 3487 1232 3562 colle
1257 3491 1387 3565 teneri.

340 3617 487 3696 Interea
511 3617 709 3691 observant
731 3613 793 3686 alii
804 3665 817 3701 ,
844 3637 918 3710 qua
938 3609 1053 3684 Silvia
1077 3627 1275 3706 monstrat,

343 3735 455 3808 Silvia
479 3738 671 3823 Idumaeas
695 3736 793 3806 inter
816 3730 1066 3832 pulcherrima
1087 3735 1287 3836 nymphas,
1463 3746 1534 3814 125

338 3860 567 3960 latentisque
592 3859 709 3933 oculis
736 3873 775 3928 et
797 3852 930 3926 hiulcis
957 3854 1083 3928 oribus
1110 3854 1269 3928 adstant.

309 4174 313 4185 ,
339 4127 378 4183 V.
388 4129 449 4188 104,
466 4129 587 4179 Brochus
604 4136 623 4175 a
633 4135 734 4188 graeco
750 4102 867 4189 βρόχος,
884 4123 1075 4191 retinaculum,
1094 4135 1147 4188 quo
1156 4107 1369 4173 vindemiatores
1377 4119 1536 4181 utebantur,

446 4221 582 4285 signifieat
599 4215 684 4266 etiam
701 4227 754 4265 ras
770 4215 915 4266 vinarium.
952 4216 1024 4266 Edit.
1038 4216 1137 4268 verret.
1155 4215 1301 4264 emendans
1313 4213 1382 4278 legit
1395 4212 1533 4262 bannis.

343 4333 377 4386 V.
387 4335 447 4387 114.
461 4333 479 4383 J
486 4332 610 4383 ericho
625 4329 653 4380 in
670 4329 743 4380 tribu
764 4326 909 4395 Benjamin
923 4333 994 4383 inter
1015 4330 1237 4392 Hierosolymam
1252 4332 1283 4378 et
1299 4328 1448 4380 Jordanen
1469 4329 1535 4396 urbs

447 4436 596 4496 aalmanm
615 4414 714 4496 (πόλις
729 4421 877 4501 φοινίκων)
895 4436 970 4486 dicta
985 4431 1077 4498 (Dent.
1092 4435 1141 4498 34,
1158 4433 1204 4497 ³),
1226 4443 1295 4498 agro
1313 4433 1458 4486 mnodum
1477 4431 1535 4482 rer-

448 4528 491 4578 titt
509 4529 655 4594 gaudebat.
689 4529 788 4579 Strabo
800 4528 848 4586 lib,
867 4529 911 4580 tt.
928 4525 1091 4581 tundant·
1108 4531 1134 4592 ⁶³·
1155 4527 1198 4578 14·-
1240 4570 1244 4583 .

345 4641 447 4693 Vm.
462 4642 658 4696 Idumaeas.
679 4642 722 4695 01.
741 4643 789 4695 tit.
809 4641 833 4707 l,
847 4644 891 4692 at.
