<?xml version="1.0" encoding="UTF-8"?>
<!DOCTYPE html PUBLIC "-//W3C//DTD XHTML 1.0 Transitional//EN"
    "http://www.w3.org/TR/xhtml1/DTD/xhtml1-transitional.dtd">
<html xmlns="http://www.w3.org/1999/xhtml" xml:lang="en" lang="en">
 <head>
  <title>
</title>
<meta http-equiv="Content-Type" content="text/html;charset=utf-8" />
  <meta name='ocr-system' content='tesseract 3.04.00' />
  <meta name='ocr-capabilities' content='ocr_page ocr_carea ocr_par ocr_line ocrx_word'/>
</head>
<body>
  <div class='ocr_page' id='page_1' title='image "./jesuspuer00cevagoog_0203.png"; bbox 0 0 3634 5667; ppageno 0'>
   <div class='ocr_carea' id='block_1_1' title="bbox 730 548 1206 653">
    <p class='ocr_par' dir='ltr' id='par_1_1' title="bbox 730 548 1206 653">
     <span class='ocr_line' id='line_1_1' title="bbox 730 548 1206 653; baseline -0.004 -30"><span class='ocrx_word' id='word_1_1' title='bbox 730 548 1087 625; x_wconf 70' lang='lat' dir='ltr'>sinesin</span> <span class='ocrx_word' id='word_1_2' title='bbox 1201 638 1206 653; x_wconf 20' lang='lat' dir='ltr'><em>f</em></span> 
     </span>
    </p>
   </div>
   <div class='ocr_carea' id='block_1_2' title="bbox 308 743 1517 4140">
    <p class='ocr_par' dir='ltr' id='par_1_2' title="bbox 308 743 1391 855">
     <span class='ocr_line' id='line_1_2' title="bbox 308 743 1391 855; baseline -0.005 -29"><span class='ocrx_word' id='word_1_3' title='bbox 308 751 409 855; x_wconf 81' lang='lat' dir='ltr'>Quid</span> <span class='ocrx_word' id='word_1_4' title='bbox 432 750 566 843; x_wconf 79' lang='lat' dir='ltr'>fuerit,</span> <span class='ocrx_word' id='word_1_5' title='bbox 590 749 688 827; x_wconf 75' lang='lat' dir='ltr'>norl-</span> <span class='ocrx_word' id='word_1_6' title='bbox 739 747 805 822; x_wconf 78' lang='lat' dir='ltr'>Sic</span> <span class='ocrx_word' id='word_1_7' title='bbox 828 746 917 843; x_wconf 83' lang='lat' dir='ltr'>ille3</span> <span class='ocrx_word' id='word_1_8' title='bbox 941 746 1149 849; x_wconf 84' lang='lat' dir='ltr'>iterumque</span> <span class='ocrx_word' id='word_1_9' title='bbox 1157 752 1162 763; x_wconf 69' lang='lat'>&#39;&#39;</span> <span class='ocrx_word' id='word_1_10' title='bbox 1174 743 1299 821; x_wconf 76' lang='lat' dir='ltr'>Puelli·</span> <span class='ocrx_word' id='word_1_11' title='bbox 1388 764 1391 769; x_wconf 85' lang='lat'>&#39;</span> 
     </span>
    </p>

    <p class='ocr_par' dir='ltr' id='par_1_3' title="bbox 308 868 1302 1093">
     <span class='ocr_line' id='line_1_3' title="bbox 308 868 1302 969; baseline -0.009 -18"><span class='ocrx_word' id='word_1_12' title='bbox 308 876 372 951; x_wconf 86' lang='lat' dir='ltr'>Ad</span> <span class='ocrx_word' id='word_1_13' title='bbox 396 877 514 949; x_wconf 86' lang='lat' dir='ltr'>rultus</span> <span class='ocrx_word' id='word_1_14' title='bbox 537 872 649 946; x_wconf 84' lang='lat' dir='ltr'>rediit</span> <span class='ocrx_word' id='word_1_15' title='bbox 673 869 829 945; x_wconf 84' lang='lat' dir='ltr'>coelesti</span> <span class='ocrx_word' id='word_1_16' title='bbox 851 869 1004 941; x_wconf 89' lang='lat' dir='ltr'>numine</span> <span class='ocrx_word' id='word_1_17' title='bbox 1026 868 1164 969; x_wconf 82' lang='lat' dir='ltr'>plenos</span> <span class='ocrx_word' id='word_1_18' title='bbox 1211 930 1216 949; x_wconf 80' lang='grc'>,</span> <span class='ocrx_word' id='word_1_19' title='bbox 1300 911 1302 917; x_wconf 83' lang='grc'><strong><em>·</em></strong></span> 
     </span>
     <span class='ocr_line' id='line_1_4' title="bbox 311 992 1200 1093; baseline -0.009 -22"><span class='ocrx_word' id='word_1_20' title='bbox 311 998 513 1071; x_wconf 85' lang='lat' dir='ltr'>Admirsns</span> <span class='ocrx_word' id='word_1_21' title='bbox 537 993 668 1068; x_wconf 86' lang='lat' dir='ltr'>oculos</span> <span class='ocrx_word' id='word_1_22' title='bbox 691 992 1001 1093; x_wconf 73' lang='lat' dir='ltr'>mejestetemque</span> <span class='ocrx_word' id='word_1_23' title='bbox 1026 1014 1200 1063; x_wconf 80' lang='lat' dir='ltr'>serenum</span> 
     </span>
    </p>

    <p class='ocr_par' dir='ltr' id='par_1_4' title="bbox 308 1105 1517 1933">
     <span class='ocr_line' id='line_1_5' title="bbox 308 1105 1517 1223; baseline -0.005 -32"><span class='ocrx_word' id='word_1_24' title='bbox 308 1120 464 1192; x_wconf 80' lang='lat' dir='ltr'>Divinas</span> <span class='ocrx_word' id='word_1_25' title='bbox 486 1115 632 1191; x_wconf 84' lang='lat' dir='ltr'>frontis.</span> <span class='ocrx_word' id='word_1_26' title='bbox 684 1105 819 1193; x_wconf 83' lang='lat' dir='ltr'>Senior</span> <span class='ocrx_word' id='word_1_27' title='bbox 842 1128 937 1183; x_wconf 87' lang='lat' dir='ltr'>tune</span> <span class='ocrx_word' id='word_1_28' title='bbox 962 1109 1057 1184; x_wconf 83' lang='lat' dir='ltr'>ulter</span> <span class='ocrx_word' id='word_1_29' title='bbox 1083 1110 1245 1211; x_wconf 83' lang='lat' dir='ltr'><strong>Olympo</strong></span> <span class='ocrx_word' id='word_1_30' title='bbox 1336 1124 1339 1129; x_wconf 85' lang='lat'>&#39;</span> <span class='ocrx_word' id='word_1_31' title='bbox 1435 1116 1517 1223; x_wconf 21' lang='lat' dir='ltr'>too!</span> 
     </span>
     <span class='ocr_line' id='line_1_6' title="bbox 309 1230 1441 1335; baseline -0.006 -25"><span class='ocrx_word' id='word_1_32' title='bbox 309 1235 466 1312; x_wconf 86' lang='lat' dir='ltr'>Sustulit</span> <span class='ocrx_word' id='word_1_33' title='bbox 490 1260 558 1308; x_wconf 85' lang='lat' dir='ltr'>ora</span> <span class='ocrx_word' id='word_1_34' title='bbox 580 1258 785 1335; x_wconf 82' lang='lat' dir='ltr'>manusque</span> <span class='ocrx_word' id='word_1_35' title='bbox 811 1230 961 1326; x_wconf 81' lang='lat' dir='ltr'>ambas3</span> <span class='ocrx_word' id='word_1_36' title='bbox 986 1249 1075 1333; x_wconf 89' lang='lat' dir='ltr'>post</span> <span class='ocrx_word' id='word_1_37' title='bbox 1097 1230 1288 1331; x_wconf 80' lang='lat' dir='ltr'>multaque</span> <span class='ocrx_word' id='word_1_38' title='bbox 1310 1252 1441 1305; x_wconf 85' lang='lat' dir='ltr'>roeem</span> 
     </span>
     <span class='ocr_line' id='line_1_7' title="bbox 310 1351 1389 1456; baseline -0.006 -23"><span class='ocrx_word' id='word_1_39' title='bbox 310 1362 384 1434; x_wconf 85' lang='lat' dir='ltr'>Vir</span> <span class='ocrx_word' id='word_1_40' title='bbox 407 1358 559 1431; x_wconf 83' lang='lat' dir='ltr'>tandem</span> <span class='ocrx_word' id='word_1_41' title='bbox 584 1355 763 1456; x_wconf 75' lang='lat' dir='ltr'>expediitz</span> <span class='ocrx_word' id='word_1_42' title='bbox 786 1354 889 1424; x_wconf 85' lang='lat' dir='ltr'>Deus</span> <span class='ocrx_word' id='word_1_43' title='bbox 905 1370 993 1445; x_wconf 71' lang='lat' dir='ltr'>est,</span> <span class='ocrx_word' id='word_1_44' title='bbox 1018 1355 1120 1427; x_wconf 88' lang='lat' dir='ltr'>Deus</span> <span class='ocrx_word' id='word_1_45' title='bbox 1146 1351 1293 1425; x_wconf 84' lang='lat' dir='ltr'>abditus</span> <span class='ocrx_word' id='word_1_46' title='bbox 1315 1353 1389 1427; x_wconf 85' lang='lat' dir='ltr'>isto</span> 
     </span>
     <span class='ocr_line' id='line_1_8' title="bbox 312 1472 1506 1575; baseline -0.008 -20"><span class='ocrx_word' id='word_1_47' title='bbox 312 1482 442 1572; x_wconf 87' lang='lat' dir='ltr'>Certe,</span> <span class='ocrx_word' id='word_1_48' title='bbox 470 1482 542 1572; x_wconf 84' lang='lat' dir='ltr'>ait,</span> <span class='ocrx_word' id='word_1_49' title='bbox 568 1479 608 1551; x_wconf 90' lang='lat' dir='ltr'>in</span> <span class='ocrx_word' id='word_1_50' title='bbox 632 1476 749 1552; x_wconf 79' lang='lat' dir='ltr'>nodo.</span> <span class='ocrx_word' id='word_1_51' title='bbox 800 1473 962 1548; x_wconf 86' lang='lat' dir='ltr'>Somnus</span> <span class='ocrx_word' id='word_1_52' title='bbox 986 1499 1061 1575; x_wconf 82' lang='lat' dir='ltr'>qus</span> <span class='ocrx_word' id='word_1_53' title='bbox 1086 1472 1221 1564; x_wconf 87' lang='lat' dir='ltr'>desiit,</span> <span class='ocrx_word' id='word_1_54' title='bbox 1245 1472 1379 1573; x_wconf 87' lang='lat' dir='ltr'>inquit,</span> <span class='ocrx_word' id='word_1_55' title='bbox 1502 1494 1506 1502; x_wconf 87' lang='lat'><em>·</em></span> 
     </span>
     <span class='ocr_line' id='line_1_9' title="bbox 312 1594 1344 1696; baseline -0.007 -22"><span class='ocrx_word' id='word_1_56' title='bbox 312 1604 384 1674; x_wconf 90' lang='lat' dir='ltr'>Hie</span> <span class='ocrx_word' id='word_1_57' title='bbox 409 1619 514 1691; x_wconf 89' lang='lat' dir='ltr'>tuus,</span> <span class='ocrx_word' id='word_1_58' title='bbox 539 1600 628 1672; x_wconf 85' lang='lat' dir='ltr'>hino</span> <span class='ocrx_word' id='word_1_59' title='bbox 651 1622 747 1668; x_wconf 75' lang='lat' dir='ltr'>nexu</span> <span class='ocrx_word' id='word_1_60' title='bbox 772 1620 912 1669; x_wconf 80' lang='lat' dir='ltr'>arcano</span> <span class='ocrx_word' id='word_1_61' title='bbox 938 1622 1042 1669; x_wconf 90' lang='lat' dir='ltr'>meus</span> <span class='ocrx_word' id='word_1_62' title='bbox 1065 1594 1209 1696; x_wconf 81' lang='lat' dir='ltr'>incipit.</span> <span class='ocrx_word' id='word_1_63' title='bbox 1258 1596 1344 1694; x_wconf 84' lang='lat' dir='ltr'>lpse</span> 
     </span>
     <span class='ocr_line' id='line_1_10' title="bbox 310 1714 1513 1822; baseline 0 -27"><span class='ocrx_word' id='word_1_64' title='bbox 310 1721 511 1822; x_wconf 82' lang='lat' dir='ltr'>Pennigeri</span> <span class='ocrx_word' id='word_1_65' title='bbox 534 1718 691 1795; x_wconf 83' lang='lat' dir='ltr'>Infantis</span> <span class='ocrx_word' id='word_1_66' title='bbox 717 1716 888 1816; x_wconf 79' lang='lat' dir='ltr'>(quando</span> <span class='ocrx_word' id='word_1_67' title='bbox 913 1717 1008 1809; x_wconf 83' lang='lat' dir='ltr'>haee</span> <span class='ocrx_word' id='word_1_68' title='bbox 1031 1716 1101 1789; x_wconf 85' lang='lat' dir='ltr'>tihi</span> <span class='ocrx_word' id='word_1_69' title='bbox 1125 1739 1217 1789; x_wconf 82' lang='lat' dir='ltr'>oure</span> <span class='ocrx_word' id='word_1_70' title='bbox 1240 1714 1390 1815; x_wconf 82' lang='lat' dir='ltr'>relicte)</span> <span class='ocrx_word' id='word_1_71' title='bbox 1441 1722 1513 1804; x_wconf 63' lang='lat'>405</span> 
     </span>
     <span class='ocr_line' id='line_1_11' title="bbox 312 1822 1324 1933; baseline -0.006 -18"><span class='ocrx_word' id='word_1_72' title='bbox 312 1841 538 1915; x_wconf 85' lang='lat' dir='ltr'>Successum</span> <span class='ocrx_word' id='word_1_73' title='bbox 560 1822 736 1912; x_wconf 65' lang='lat' dir='ltr'>referem.</span> <span class='ocrx_word' id='word_1_74' title='bbox 785 1841 858 1911; x_wconf 87' lang='lat' dir='ltr'>Per</span> <span class='ocrx_word' id='word_1_75' title='bbox 882 1838 1008 1913; x_wconf 79' lang='lat' dir='ltr'>scabri</span> <span class='ocrx_word' id='word_1_76' title='bbox 1033 1837 1185 1933; x_wconf 78' lang='lat' dir='ltr'>sortitis</span> <span class='ocrx_word' id='word_1_77' title='bbox 1211 1829 1324 1910; x_wconf 81' lang='lat' dir='ltr'>umbo</span> 
     </span>
    </p>

    <p class='ocr_par' dir='ltr' id='par_1_5' title="bbox 312 1956 1371 2184">
     <span class='ocr_line' id='line_1_12' title="bbox 312 1956 1371 2059; baseline -0.005 -23"><span class='ocrx_word' id='word_1_78' title='bbox 312 1960 443 2036; x_wconf 82' lang='lat' dir='ltr'><strong>Ardua</strong></span> <span class='ocrx_word' id='word_1_79' title='bbox 469 1961 619 2035; x_wconf 81' lang='lat' dir='ltr'>connixi</span> <span class='ocrx_word' id='word_1_80' title='bbox 636 1956 825 2058; x_wconf 68' lang='lat' dir='ltr'>-genihus,</span> <span class='ocrx_word' id='word_1_81' title='bbox 847 1958 1346 2059; x_wconf 74' lang='lat' dir='ltr'>menibusqueprehensum</span> <span class='ocrx_word' id='word_1_82' title='bbox 1369 2040 1371 2048; x_wconf 17' lang='grc' dir='ltr'><strong><em>Δ</em></strong></span> 
     </span>
     <span class='ocr_line' id='line_1_13' title="bbox 312 2074 1253 2184; baseline -0.007 -27"><span class='ocrx_word' id='word_1_83' title='bbox 312 2082 484 2184; x_wconf 86' lang='lat' dir='ltr'>Amplexi</span> <span class='ocrx_word' id='word_1_84' title='bbox 508 2099 680 2155; x_wconf 85' lang='lat' dir='ltr'>truncum</span> <span class='ocrx_word' id='word_1_85' title='bbox 704 2074 831 2159; x_wconf 84' lang='lat' dir='ltr'>valido</span> <span class='ocrx_word' id='word_1_86' title='bbox 851 2078 1052 2153; x_wconf 79' lang='lat' dir='ltr'>luctamine</span> <span class='ocrx_word' id='word_1_87' title='bbox 1059 2106 1073 2177; x_wconf 79' lang='lat'><em>3</em></span> <span class='ocrx_word' id='word_1_88' title='bbox 1096 2078 1253 2153; x_wconf 84' lang='lat' dir='ltr'>tandem</span> 
     </span>
    </p>

    <p class='ocr_par' dir='ltr' id='par_1_6' title="bbox 313 2200 1195 2303">
     <span class='ocr_line' id='line_1_14' title="bbox 313 2200 1195 2303; baseline 0.003 -28"><span class='ocrx_word' id='word_1_89' title='bbox 313 2206 438 2303; x_wconf 78' lang='lat' dir='ltr'>Aegre</span> <span class='ocrx_word' id='word_1_90' title='bbox 462 2201 638 2291; x_wconf 80' lang='lat' dir='ltr'>vimults</span> <span class='ocrx_word' id='word_1_91' title='bbox 658 2200 698 2271; x_wconf 89' lang='lat' dir='ltr'>in</span> <span class='ocrx_word' id='word_1_92' title='bbox 723 2204 849 2273; x_wconf 77' lang='lat' dir='ltr'>remos</span> <span class='ocrx_word' id='word_1_93' title='bbox 866 2202 1057 2277; x_wconf 82' lang='lat' dir='ltr'>evasimus</span> <span class='ocrx_word' id='word_1_94' title='bbox 1084 2202 1195 2279; x_wconf 76' lang='lat' dir='ltr'>altos.</span> 
     </span>
    </p>

    <p class='ocr_par' dir='ltr' id='par_1_7' title="bbox 311 2319 1514 2547">
     <span class='ocr_line' id='line_1_15' title="bbox 312 2319 1514 2433; baseline -0.002 -37"><span class='ocrx_word' id='word_1_95' title='bbox 312 2326 396 2397; x_wconf 89' lang='lat' dir='ltr'>Heu</span> <span class='ocrx_word' id='word_1_96' title='bbox 422 2322 562 2424; x_wconf 82' lang='lat' dir='ltr'>pietas!</span> <span class='ocrx_word' id='word_1_97' title='bbox 588 2320 754 2395; x_wconf 80' lang='lat' dir='ltr'>Geminis</span> <span class='ocrx_word' id='word_1_98' title='bbox 780 2319 849 2393; x_wconf 88' lang='lat' dir='ltr'>elis</span> <span class='ocrx_word' id='word_1_99' title='bbox 874 2321 1049 2421; x_wconf 86' lang='lat' dir='ltr'>utrinque</span> <span class='ocrx_word' id='word_1_100' title='bbox 1073 2320 1240 2394; x_wconf 74' lang='lat' dir='ltr'>reductis</span> <span class='ocrx_word' id='word_1_101' title='bbox 1441 2326 1514 2433; x_wconf 60' lang='lat'>410</span> 
     </span>
     <span class='ocr_line' id='line_1_16' title="bbox 311 2437 1250 2547; baseline -0.004 -28"><span class='ocrx_word' id='word_1_102' title='bbox 311 2443 482 2519; x_wconf 85' lang='lat' dir='ltr'>Vidimus</span> <span class='ocrx_word' id='word_1_103' title='bbox 508 2437 711 2541; x_wconf 78' lang='lat' dir='ltr'>exanguem</span> <span class='ocrx_word' id='word_1_104' title='bbox 734 2440 872 2516; x_wconf 81' lang='lat' dir='ltr'>faeiem</span> <span class='ocrx_word' id='word_1_105' title='bbox 895 2468 1144 2547; x_wconf 82' lang='lat' dir='ltr'><strong>respersaque</strong></span> <span class='ocrx_word' id='word_1_106' title='bbox 1168 2442 1250 2517; x_wconf 83' lang='lat' dir='ltr'>viro</span> 
     </span>
    </p>

    <p class='ocr_par' dir='ltr' id='par_1_8' title="bbox 314 2563 1280 2667">
     <span class='ocr_line' id='line_1_17' title="bbox 314 2563 1280 2667; baseline -0.001 -30"><span class='ocrx_word' id='word_1_107' title='bbox 314 2563 504 2663; x_wconf 81' lang='lat' dir='ltr'>Sanguine</span> <span class='ocrx_word' id='word_1_108' title='bbox 529 2563 719 2640; x_wconf 76' lang='lat' dir='ltr'>membres</span> <span class='ocrx_word' id='word_1_109' title='bbox 742 2564 840 2637; x_wconf 85' lang='lat' dir='ltr'>letus</span> <span class='ocrx_word' id='word_1_110' title='bbox 865 2565 979 2667; x_wconf 76' lang='lat' dir='ltr'>longo</span> <span class='ocrx_word' id='word_1_111' title='bbox 999 2566 1202 2664; x_wconf 72' lang='lat' dir='ltr'>trajecerat</span> <span class='ocrx_word' id='word_1_112' title='bbox 1221 2563 1280 2637; x_wconf 88' lang='lat' dir='ltr'>illi</span> 
     </span>
    </p>

    <p class='ocr_par' dir='ltr' id='par_1_9' title="bbox 312 2683 1383 2910">
     <span class='ocr_line' id='line_1_18' title="bbox 312 2683 1383 2785; baseline 0 -26"><span class='ocrx_word' id='word_1_113' title='bbox 312 2685 488 2759; x_wconf 82' lang='lat' dir='ltr'>Rusticus</span> <span class='ocrx_word' id='word_1_114' title='bbox 511 2684 622 2757; x_wconf 82' lang='lat' dir='ltr'>infixo</span> <span class='ocrx_word' id='word_1_115' title='bbox 646 2684 852 2780; x_wconf 80' lang='lat' dir='ltr'>renebu103</span> <span class='ocrx_word' id='word_1_116' title='bbox 879 2704 935 2778; x_wconf 93' lang='lat' dir='ltr'>et,</span> <span class='ocrx_word' id='word_1_117' title='bbox 961 2686 1023 2760; x_wconf 90' lang='lat' dir='ltr'>hei</span> <span class='ocrx_word' id='word_1_118' title='bbox 1047 2686 1155 2762; x_wconf 77' lang='lat' dir='ltr'>mihi!</span> <span class='ocrx_word' id='word_1_119' title='bbox 1180 2683 1383 2785; x_wconf 77' lang='lat' dir='ltr'>squalens</span> 
     </span>
     <span class='ocr_line' id='line_1_19' title="bbox 313 2803 1331 2910; baseline 0.008 -32"><span class='ocrx_word' id='word_1_120' title='bbox 313 2803 507 2878; x_wconf 81' lang='lat' dir='ltr'>Pendebat</span> <span class='ocrx_word' id='word_1_121' title='bbox 529 2805 639 2880; x_wconf 77' lang='lat' dir='ltr'>niveo</span> <span class='ocrx_word' id='word_1_122' title='bbox 665 2830 711 2879; x_wconf 83' lang='lat' dir='ltr'>er</span> <span class='ocrx_word' id='word_1_123' title='bbox 735 2809 891 2881; x_wconf 84' lang='lat' dir='ltr'>humero</span> <span class='ocrx_word' id='word_1_124' title='bbox 916 2806 1168 2910; x_wconf 80' lang='lat' dir='ltr'>pulcherrima</span> <span class='ocrx_word' id='word_1_125' title='bbox 1193 2807 1331 2886; x_wconf 76' lang='lat' dir='ltr'>cervix.</span> 
     </span>
    </p>

    <p class='ocr_par' dir='ltr' id='par_1_10' title="bbox 311 2924 1511 3384">
     <span class='ocr_line' id='line_1_20' title="bbox 312 2924 1511 3028; baseline 0.002 -29"><span class='ocrx_word' id='word_1_126' title='bbox 312 2928 393 2999; x_wconf 86' lang='lat' dir='ltr'>Nos</span> <span class='ocrx_word' id='word_1_127' title='bbox 418 2928 576 2997; x_wconf 88' lang='lat' dir='ltr'>Puerum</span> <span class='ocrx_word' id='word_1_128' title='bbox 599 2924 640 2997; x_wconf 90' lang='lat' dir='ltr'>in</span> <span class='ocrx_word' id='word_1_129' title='bbox 663 2945 772 3028; x_wconf 85' lang='lat' dir='ltr'>prato</span> <span class='ocrx_word' id='word_1_130' title='bbox 799 2929 1006 3002; x_wconf 83' lang='lat' dir='ltr'>exanimem</span> <span class='ocrx_word' id='word_1_131' title='bbox 1032 2926 1275 3002; x_wconf 83' lang='lat' dir='ltr'>distendimus</span> <span class='ocrx_word' id='word_1_132' title='bbox 1300 2928 1399 3001; x_wconf 83' lang='lat' dir='ltr'>inter</span> <span class='ocrx_word' id='word_1_133' title='bbox 1439 2936 1511 3016; x_wconf 67' lang='grc'>415</span> 
     </span>
     <span class='ocr_line' id='line_1_21' title="bbox 313 3032 1441 3146; baseline 0.008 -28"><span class='ocrx_word' id='word_1_134' title='bbox 313 3048 524 3146; x_wconf 88' lang='lat' dir='ltr'>Purpureos</span> <span class='ocrx_word' id='word_1_135' title='bbox 548 3044 714 3119; x_wconf 83' lang='lat' dir='ltr'>lacerum</span> <span class='ocrx_word' id='word_1_136' title='bbox 740 3048 853 3122; x_wconf 89' lang='lat' dir='ltr'>flores</span> <span class='ocrx_word' id='word_1_137' title='bbox 880 3032 917 3122; x_wconf 83' lang='lat' dir='ltr'>et</span> <span class='ocrx_word' id='word_1_138' title='bbox 940 3050 1094 3125; x_wconf 77' lang='lat' dir='ltr'>vulnera</span> <span class='ocrx_word' id='word_1_139' title='bbox 1117 3050 1196 3125; x_wconf 79' lang='lat' dir='ltr'>rivo</span> <span class='ocrx_word' id='word_1_140' title='bbox 1438 3054 1441 3061; x_wconf 78' lang='grc'><strong>’</strong></span> 
     </span>
     <span class='ocr_line' id='line_1_22' title="bbox 311 3164 1335 3260; baseline 0.005 -21"><span class='ocrx_word' id='word_1_141' title='bbox 311 3166 483 3248; x_wconf 80' lang='lat' dir='ltr'>Lerimus</span> <span class='ocrx_word' id='word_1_142' title='bbox 495 3192 514 3260; x_wconf 68' lang='lat'><em>3</em></span> <span class='ocrx_word' id='word_1_143' title='bbox 533 3164 623 3239; x_wconf 87' lang='lat' dir='ltr'>inde</span> <span class='ocrx_word' id='word_1_144' title='bbox 648 3185 688 3241; x_wconf 90' lang='lat' dir='ltr'>ut</span> <span class='ocrx_word' id='word_1_145' title='bbox 712 3187 815 3260; x_wconf 85' lang='lat' dir='ltr'>eret,</span> <span class='ocrx_word' id='word_1_146' title='bbox 841 3168 951 3243; x_wconf 82' lang='lat' dir='ltr'>ferali</span> <span class='ocrx_word' id='word_1_147' title='bbox 974 3172 1013 3244; x_wconf 90' lang='lat' dir='ltr'>in</span> <span class='ocrx_word' id='word_1_148' title='bbox 1038 3170 1197 3245; x_wconf 87' lang='lat' dir='ltr'>sindone</span> <span class='ocrx_word' id='word_1_149' title='bbox 1221 3170 1335 3244; x_wconf 78' lang='lat' dir='ltr'>Matri</span> 
     </span>
     <span class='ocr_line' id='line_1_23' title="bbox 313 3285 1189 3384; baseline 0.005 -24"><span class='ocrx_word' id='word_1_150' title='bbox 313 3285 479 3360; x_wconf 88' lang='lat' dir='ltr'>Ploranti</span> <span class='ocrx_word' id='word_1_151' title='bbox 492 3285 667 3366; x_wconf 67' lang='lat' dir='ltr'>tulimus,</span> <span class='ocrx_word' id='word_1_152' title='bbox 717 3292 813 3384; x_wconf 61' lang='lat' dir='ltr'>Tres</span> <span class='ocrx_word' id='word_1_153' title='bbox 832 3290 911 3364; x_wconf 89' lang='lat' dir='ltr'>illie</span> <span class='ocrx_word' id='word_1_154' title='bbox 937 3292 1041 3365; x_wconf 85' lang='lat' dir='ltr'>crine</span> <span class='ocrx_word' id='word_1_155' title='bbox 1066 3292 1189 3367; x_wconf 87' lang='lat' dir='ltr'>soluto</span> 
     </span>
    </p>

    <p class='ocr_par' dir='ltr' id='par_1_11' title="bbox 312 3406 1510 3756">
     <span class='ocr_line' id='line_1_24' title="bbox 313 3406 1317 3513; baseline 0.007 -34"><span class='ocrx_word' id='word_1_156' title='bbox 313 3406 509 3505; x_wconf 84' lang='lat' dir='ltr'>Lugebant</span> <span class='ocrx_word' id='word_1_157' title='bbox 531 3424 698 3481; x_wconf 85' lang='lat' dir='ltr'>moestae</span> <span class='ocrx_word' id='word_1_158' title='bbox 722 3409 901 3498; x_wconf 84' lang='lat' dir='ltr'>comites3</span> <span class='ocrx_word' id='word_1_159' title='bbox 926 3412 1099 3513; x_wconf 87' lang='lat' dir='ltr'>interque</span> <span class='ocrx_word' id='word_1_160' title='bbox 1125 3412 1317 3486; x_wconf 83' lang='lat' dir='ltr'>dolentum</span> 
     </span>
     <span class='ocr_line' id='line_1_25' title="bbox 312 3528 1510 3625; baseline 0.014 -26"><span class='ocrx_word' id='word_1_161' title='bbox 312 3530 495 3599; x_wconf 80' lang='lat' dir='ltr'>Lamenta</span> <span class='ocrx_word' id='word_1_162' title='bbox 518 3543 557 3598; x_wconf 87' lang='lat' dir='ltr'>et</span> <span class='ocrx_word' id='word_1_163' title='bbox 580 3528 737 3625; x_wconf 79' lang='lat' dir='ltr'>gemitus</span> <span class='ocrx_word' id='word_1_164' title='bbox 761 3530 940 3607; x_wconf 84' lang='lat' dir='ltr'>ferientes</span> <span class='ocrx_word' id='word_1_165' title='bbox 964 3532 1083 3607; x_wconf 80' lang='lat' dir='ltr'>fidera</span> <span class='ocrx_word' id='word_1_166' title='bbox 1108 3551 1146 3607; x_wconf 88' lang='lat' dir='ltr'>et</span> <span class='ocrx_word' id='word_1_167' title='bbox 1170 3533 1265 3608; x_wconf 83' lang='lat' dir='ltr'>ultas</span> <span class='ocrx_word' id='word_1_168' title='bbox 1437 3542 1510 3621; x_wconf 68' lang='lat'>420</span> 
     </span>
     <span class='ocr_line' id='line_1_26' title="bbox 312 3647 1350 3756; baseline 0.008 -37"><span class='ocrx_word' id='word_1_169' title='bbox 312 3647 533 3720; x_wconf 84' lang='lat' dir='ltr'>Foeminess</span> <span class='ocrx_word' id='word_1_170' title='bbox 557 3672 669 3721; x_wconf 77' lang='lat' dir='ltr'>voees</span> <span class='ocrx_word' id='word_1_171' title='bbox 692 3647 888 3752; x_wconf 79' lang='lat' dir='ltr'>luctusque</span> <span class='ocrx_word' id='word_1_172' title='bbox 911 3654 1143 3756; x_wconf 74' lang='lat' dir='ltr'>reliquimus.</span> <span class='ocrx_word' id='word_1_173' title='bbox 1192 3656 1264 3731; x_wconf 87' lang='lat' dir='ltr'>Hie</span> <span class='ocrx_word' id='word_1_174' title='bbox 1289 3679 1350 3728; x_wconf 90' lang='lat' dir='ltr'>me</span> 
     </span>
    </p>

    <p class='ocr_par' dir='ltr' id='par_1_12' title="bbox 311 3767 1252 3881">
     <span class='ocr_line' id='line_1_27' title="bbox 311 3767 1252 3881; baseline 0.016 -42"><span class='ocrx_word' id='word_1_175' title='bbox 311 3767 395 3839; x_wconf 88' lang='lat' dir='ltr'>Heu</span> <span class='ocrx_word' id='word_1_176' title='bbox 418 3767 560 3868; x_wconf 83' lang='lat' dir='ltr'>pariter</span> <span class='ocrx_word' id='word_1_177' title='bbox 583 3767 723 3843; x_wconf 81' lang='lat' dir='ltr'>lassum</span> <span class='ocrx_word' id='word_1_178' title='bbox 746 3772 958 3849; x_wconf 88' lang='lat' dir='ltr'>tristissima</span> <span class='ocrx_word' id='word_1_179' title='bbox 982 3776 1091 3879; x_wconf 89' lang='lat' dir='ltr'>liquit</span> <span class='ocrx_word' id='word_1_180' title='bbox 1114 3780 1252 3881; x_wconf 78' lang='lat' dir='ltr'>imago.</span> 
     </span>
    </p>

    <p class='ocr_par' dir='ltr' id='par_1_13' title="bbox 312 3886 1157 3975">
     <span class='ocr_line' id='line_1_28' title="bbox 312 3886 1157 3975; baseline 0.019 -17"><span class='ocrx_word' id='word_1_181' title='bbox 312 3886 468 3960; x_wconf 76' lang='lat' dir='ltr'>Talibus</span> <span class='ocrx_word' id='word_1_182' title='bbox 489 3888 589 3961; x_wconf 78' lang='lat' dir='ltr'>inter</span> <span class='ocrx_word' id='word_1_183' title='bbox 611 3914 654 3963; x_wconf 84' lang='lat' dir='ltr'>se</span> <span class='ocrx_word' id='word_1_184' title='bbox 678 3888 787 3967; x_wconf 88' lang='lat' dir='ltr'>dietis</span> <span class='ocrx_word' id='word_1_185' title='bbox 812 3895 983 3971; x_wconf 84' lang='lat' dir='ltr'>miranda</span> <span class='ocrx_word' id='word_1_186' title='bbox 996 3899 1157 3975; x_wconf 83' lang='lat' dir='ltr'>vicissim</span> 
     </span>
    </p>

    <p class='ocr_par' dir='ltr' id='par_1_14' title="bbox 312 4006 1275 4140">
     <span class='ocr_line' id='line_1_29' title="bbox 312 4006 1275 4140; baseline 0.02 -59"><span class='ocrx_word' id='word_1_187' title='bbox 312 4006 390 4081; x_wconf 88' lang='lat' dir='ltr'>Ore</span> <span class='ocrx_word' id='word_1_188' title='bbox 414 4008 657 4084; x_wconf 75' lang='lat' dir='ltr'>susurrabant</span> <span class='ocrx_word' id='word_1_189' title='bbox 680 4011 812 4107; x_wconf 79' lang='lat' dir='ltr'>umbo,</span> <span class='ocrx_word' id='word_1_190' title='bbox 832 4016 1086 4140; x_wconf 81' lang='lat' dir='ltr'>lacrimasque</span> <span class='ocrx_word' id='word_1_191' title='bbox 1112 4021 1275 4100; x_wconf 78' lang='lat' dir='ltr'>ciebant</span> 
     </span>
    </p>
   </div>
   <div class='ocr_carea' id='block_1_3' title="bbox 310 4272 656 4342">
    <p class='ocr_par' dir='ltr' id='par_1_15' title="bbox 310 4272 656 4342">
     <span class='ocr_line' id='line_1_30' title="bbox 310 4272 656 4342; baseline 0.023 -8"><span class='ocrx_word' id='word_1_192' title='bbox 310 4279 347 4334; x_wconf 76' lang='lat' dir='ltr'>V.</span> <span class='ocrx_word' id='word_1_193' title='bbox 363 4284 427 4337; x_wconf 72' lang='lat'>416.</span> <span class='ocrx_word' id='word_1_194' title='bbox 442 4282 515 4335; x_wconf 73' lang='lat' dir='ltr'>Edit.</span> <span class='ocrx_word' id='word_1_195' title='bbox 531 4272 656 4342; x_wconf 76' lang='lat' dir='ltr'>Venetas</span> 
     </span>
    </p>
   </div>
   <div class='ocr_carea' id='block_1_4' title="bbox 311 4378 1115 4529">
    <p class='ocr_par' dir='ltr' id='par_1_16' title="bbox 311 4378 1115 4529">
     <span class='ocr_line' id='line_1_31' title="bbox 486 4378 1115 4451; baseline 0.017 -21"><span class='ocrx_word' id='word_1_196' title='bbox 486 4378 642 4443; x_wconf 80' lang='lat' dir='ltr'>Purpureos</span> <span class='ocrx_word' id='word_1_197' title='bbox 659 4385 742 4435; x_wconf 78' lang='lat' dir='ltr'>nores</span> <span class='ocrx_word' id='word_1_198' title='bbox 758 4388 788 4435; x_wconf 78' lang='lat' dir='ltr'>et</span> <span class='ocrx_word' id='word_1_199' title='bbox 801 4384 906 4451; x_wconf 67' lang='lat' dir='ltr'>martie</span> <span class='ocrx_word' id='word_1_200' title='bbox 923 4389 1041 4441; x_wconf 81' lang='lat' dir='ltr'>vulnera</span> <span class='ocrx_word' id='word_1_201' title='bbox 1053 4390 1115 4445; x_wconf 82' lang='lat' dir='ltr'>rivo</span> 
     </span>
     <span class='ocr_line' id='line_1_32' title="bbox 311 4466 769 4529; baseline 0.017 -10"><span class='ocrx_word' id='word_1_202' title='bbox 311 4466 346 4518; x_wconf 79' lang='lat' dir='ltr'>V.</span> <span class='ocrx_word' id='word_1_203' title='bbox 363 4469 417 4529; x_wconf 75' lang='lat'>419</span> <span class='ocrx_word' id='word_1_204' title='bbox 434 4473 464 4521; x_wconf 79' lang='lat' dir='ltr'>et</span> <span class='ocrx_word' id='word_1_205' title='bbox 475 4472 538 4521; x_wconf 75' lang='lat'>420.</span> <span class='ocrx_word' id='word_1_206' title='bbox 556 4473 629 4523; x_wconf 83' lang='lat' dir='ltr'>Edit.</span> <span class='ocrx_word' id='word_1_207' title='bbox 645 4474 769 4528; x_wconf 78' lang='lat' dir='ltr'>Veneta:</span> 
     </span>
    </p>
   </div>
   <div class='ocr_carea' id='block_1_5' title="bbox 483 4564 1260 4729">
    <p class='ocr_par' dir='ltr' id='par_1_17' title="bbox 483 4564 1260 4729">
     <span class='ocr_line' id='line_1_33' title="bbox 483 4564 1260 4637; baseline 0.018 -25"><span class='ocrx_word' id='word_1_208' title='bbox 483 4564 628 4629; x_wconf 80' lang='lat' dir='ltr'>Lugebsnt</span> <span class='ocrx_word' id='word_1_209' title='bbox 644 4570 768 4619; x_wconf 63' lang='lat' dir='ltr'>noemae</span> <span class='ocrx_word' id='word_1_210' title='bbox 786 4569 912 4635; x_wconf 85' lang='lat' dir='ltr'>comites,</span> <span class='ocrx_word' id='word_1_211' title='bbox 933 4583 1003 4634; x_wconf 82' lang='lat' dir='ltr'>quus</span> <span class='ocrx_word' id='word_1_212' title='bbox 1018 4575 1160 4637; x_wconf 80' lang='lat' dir='ltr'>myrrhina</span> <span class='ocrx_word' id='word_1_213' title='bbox 1180 4573 1260 4627; x_wconf 86' lang='lat' dir='ltr'>odori</span> 
     </span>
     <span class='ocr_line' id='line_1_34' title="bbox 483 4653 1209 4729; baseline 0.018 -24"><span class='ocrx_word' id='word_1_214' title='bbox 483 4653 607 4707; x_wconf 77' lang='lat' dir='ltr'>Veseris</span> <span class='ocrx_word' id='word_1_215' title='bbox 619 4658 794 4713; x_wconf 71' lang='lat' dir='ltr'>retuterunt</span> <span class='ocrx_word' id='word_1_216' title='bbox 816 4660 911 4725; x_wconf 68' lang='lat' dir='ltr'>slotss</span> <span class='ocrx_word' id='word_1_217' title='bbox 927 4662 1053 4729; x_wconf 81' lang='lat' dir='ltr'>interque</span> <span class='ocrx_word' id='word_1_218' title='bbox 1070 4664 1209 4717; x_wconf 84' lang='lat' dir='ltr'>dolentum</span> 
     </span>
    </p>
   </div>
   <div class='ocr_carea' id='block_1_6' title="bbox 0 0 1828 5667">
    <p class='ocr_par' dir='ltr' id='par_1_18' title="bbox 0 0 1828 5667">
     <span class='ocr_line' id='line_1_35' title="bbox 0 0 1828 5667; baseline 0 0"><span class='ocrx_word' id='word_1_219' title='bbox 0 0 1828 5667; x_wconf 95' lang='lat' dir='ltr'> </span> 
     </span>
    </p>
   </div>
  </div>
 </body>
</html>
