3634 5667
290 565 420 633 ¹120
763 547 1005 623 Ltnn'a
1054 552 1119 628 vt.

350 754 393 821 Iu
419 771 542 821 seram
565 764 715 820 noctem
740 746 956 846 spectacula
982 748 1076 821 mira
1098 718 1237 821 daturi!

346 870 562 972 Hospitibus
587 868 703 944 Diris.
753 864 897 945 Tirulus
923 866 970 939 de
994 867 1139 941 fornice
1163 868 1303 969 pendet

276 1020 279 1025 ·
354 991 493 1065 Oscula
517 987 685 1063 Justitiae
711 1002 749 1057 et
772 986 892 1059 Pacis.
943 988 1099 1086 Jamque
1125 1014 1238 1063 aurea
1262 990 1333 1061 rite

356 1109 536 1211 Cymbala
557 1106 759 1210 proludunt
783 1106 958 1181 chordist
983 1110 1060 1209 jam
1084 1134 1222 1211 pompa
1245 1109 1394 1183 latentis

353 1232 403 1303 Se
428 1231 561 1329 retegit
587 1251 743 1320 scenae3
768 1228 918 1329 jamque
956 1230 1031 1304 alta
1054 1230 1200 1305 silentia
1223 1231 1348 1331 poscit

346 1350 497 1426 sibilus.
547 1352 606 1421 En
632 1346 769 1419 sensim
796 1349 1013 1424 subducitur
1039 1361 1125 1425 uere
1150 1349 1282 1425 velum.
1468 1367 1542 1439 395

345 1472 463 1545 Proh!
497 1495 593 1569 quae
619 1467 837 1542 immortalis
864 1472 1009 1572 species
1021 1525 1033 1563 ,
1064 1472 1303 1571 quaeRegia,
1331 1498 1427 1570 quae
1443 1474 1517 1567 lux,

349 1593 455 1691 Quae
487 1587 617 1664 domus
644 1590 831 1664 aetheria!
856 1593 952 1662 Hem
979 1590 1099 1691 qualis
1120 1591 1229 1664 sedet
1253 1592 1370 1664 ardua
1386 1598 1543 1693 gemmis

349 1715 393 1783 Iu
419 1710 514 1783 solio
539 1713 684 1811 Regina
709 1712 850 1785 nitens!
878 1729 970 1812 quot
994 1710 1157 1811 fulgurat
1183 1714 1291 1785 astris
1335 1760 1339 1767 -

349 1834 533 1903 Intextum
565 1857 691 1934 syrma
716 1832 876 1907 adrium!
904 1857 998 1930 quas
1021 1833 1098 1930 jam
1124 1829 1227 1903 dabit
1243 1831 1317 1905 illa

347 1956 488 2027 Fronte
511 1955 613 2053 gravi
637 1955 767 2028 voees!
796 1977 907 2051 quam
933 1950 1058 2051 plena·
1073 1950 1221 2024 silentia
1246 1970 1377 2025 sancto
1473 1964 1545 2041 [100

349 2075 532 2146 Terrore!
559 2100 583 2146 ο
608 2075 753 2162 Patria,
778 2060 815 2145 ⁰.
831 2070 1008 2169 Solymae
1033 2070 1208 2147 caelestis
1232 2073 1373 2172 imago!

354 2194 387 2267 Ο
414 2220 589 2294 superum
608 2194 734 2291 regio,
760 2191 907 2292 species
934 2188 1116 2263 stellantis
1144 2191 1314 2291 Olympi!

451 2318 719 2413 Argumentum
743 2313 888 2412 operis,
916 2312 1093 2409 Majestas
1116 2310 1221 2385 laesa
1247 2313 1443 2386 Tonantis:

353 2435 500 2509 iustitia
531 2436 619 2506 hinc
644 2457 784 2511 acuens
808 2431 902 2522 iras,
928 2435 1003 2505 Pax
1028 2432 1162 2505 flebilis
1189 2433 1293 2507 illinc

349 2559 520 2635 Exorans
552 2554 709 2630 veniam.
758 2551 908 2624 Nodum
934 2552 1126 2652 Sapientia
1151 2549 1270 2643 solvit,
1472 2565 1544 2642 005

351 2676 605 2777 Proponitque
629 2676 727 2746 inter
750 2674 971 2770 Nomenque
995 2672 1265 2773 Hominemque
1292 2688 1527 2776 sequestrum

351 2798 582 2897 Unigenam,
607 2796 769 2867 humano
794 2793 954 2867 velatum
979 2818 1139 2895 corpore
1164 2796 1321 2869 Numen.

351 2919 579 3008 Discutitur,
603 2915 740 3017 placet
752 2914 961 2987 inventum:
989 2942 1164 3017 suprema
1188 2920 1357 2990 Potestas

354 3039 600 3112 Commissum
624 3035 696 3107 sibi
722 3035 883 3134 spondet
907 3062 1015 3135 opus.
1065 3036 1129 3109 Sic
1154 3036 1219 3109 lite
1245 3036 1441 3136 dirempta,

351 3158 530 3258 Acceptis
554 3157 644 3229 hinc
670 3171 782 3252 atque
806 3154 896 3225 hinc
922 3154 1199 3230 conditionibus
1226 3158 1355 3255 aequis
1478 3166 1549 3245 110

353 3278 493 3353 Oscula
521 3274 691 3370 Justitiaa
717 3292 755 3345 et
777 3274 886 3346 Pacis
912 3278 1132 3374 spectacula
1157 3276 1347 3350 claudunt.

454 3398 563 3470 Talia
588 3420 780 3495 supremus
804 3394 995 3468 fortunata
1020 3398 1101 3469 otia
1122 3398 1267 3495 magnis

348 3518 566 3619 Hospitibus
590 3520 705 3589 Pater
728 3514 904 3615 indulsit5
933 3520 1037 3619 queis
1063 3519 1134 3591 rite
1159 3514 1323 3617 peractis

355 3630 561 3715 subvectos
593 3638 727 3709 iterum
752 3661 863 3711 curru
887 3639 1051 3713 Jessidas
1078 3663 1199 3739 opaco

353 3763 453 3833 Aere
486 3760 662 3831 Nazareis
685 3758 806 3844 bonus
831 3758 922 3831 Ales
945 3758 1108 3831 reddidit
1133 3758 1220 3831 oris.
1453 3762 1551 3843 1115

354 3950 389 3999 v.
411 3948 828 4011 sst.0seulasnst1ttae
854 3952 892 4001 et
909 3951 1024 4005 Pacis.
1061 3946 1252 4001 msericordia
1279 3946 1308 3997 et
1324 3946 1430 3997 veritas
1455 3945 1553 3997 obvia·

497 4044 597 4091 venmt
613 4040 681 4090 sibi:
697 4036 808 4105 justitia
826 4046 855 4093 et
872 4056 927 4105 pax
944 4043 1087 4094 osculatae
1104 4046 1175 4092 suut.
1211 4038 1285 4091 Psal.
1304 4040 1349 4105 81,
1368 4039 1411 4091 11.

354 4132 391 4182 V.
408 4133 470 4183 101.
489 4132 645 4207 Solyma
663 4134 857 4195 coelestis.
894 4134 953 4185 Cir.
974 4134 1086 4197 apocal.
1108 4147 1134 4183 o.
1155 4133 1188 4185 21
1208 4135 1235 4181 et
1253 4144 1277 4181 c.
1294 4130 1342 4195 122.

354 4223 390 4274 V.
408 4224 460 4275 101
480 4226 508 4272 et
524 4226 586 4274 402.
605 4224 658 4273 Pro
676 4225 718 4273 his
735 4239 824 4275 verss.
842 4226 914 4276 Edit.
933 4226 1032 4275 Venet.
1051 4225 1134 4290 legit:

496 4314 629 4365 Terrore!
649 4321 679 4367 ut
695 4301 810 4383 tragicis
828 4317 909 4366 dictis
924 4312 984 4380 jam
1000 4319 1148 4379 praeparat
1166 4326 1224 4367 ora.

355 4408 391 4457 v.
410 4410 472 4459 tos.
491 4407 629 4457 ronuta.
649 4407 706 4458 cfr.
725 4408 774 4472 vt,
793 4410 854 4460 raa.

356 4500 391 4548 v.
410 4503 471 4551 tot.
490 4498 560 4549 Edit.
578 4499 676 4549 Venst.
696 4512 746 4561 pro
764 4489 917 4551 humano
937 4499 1014 4563 pouit
1029 4502 1133 4550 nostro.

356 4591 391 4639 v.
410 4590 561 4643 11111111.
580 4588 679 4643 Venet.
696 4604 747 4654 pro
763 4590 936 4645 Jassidas
954 4592 990 4657 (1,
1009 4592 1070 4642 aot.
1090 4590 1138 4655 vl,
1159 4585 1223 4651 079)
1247 4586 1332 4653 legit:
1357 4591 1433 4637 trans
1450 4586 1555 4637 nubila.

778 4712 1124 4755 ...ηομ-..η
