3634 5667
690 602 1031 685 munau.
1346 556 1450 691 '9¹5

249 802 474 907 Suspioiunt
494 781 856 873 nubemamirantur
879 798 1002 874 noctis
1027 798 1067 871 in
1086 797 1219 873 umbra

249 930 329 1000 Tot
340 940 505 1024 strepere
514 920 722 995 obscoenas
734 919 917 1010 volucres,
940 936 1044 993 tanta
1058 918 1206 1013 agmina
1220 918 1329 994 ooelo
1362 937 1451 1006 ,580

250 1044 406 1119 Misceri
428 1040 558 1115 turmis
580 1039 908 1141 internigrantibus
934 1038 1041 1113 albas

248 1166 311 1238 Fit
336 1163 489 1251 elamor,
515 1161 703 1261 saeuitque
728 1186 862 1235 eanum
885 1160 1040 1233 latratus
1066 1156 1115 1231 ad
1141 1148 1262 1231 auras.

250 1289 323 1358 Ast
347 1281 462 1355 Erebi
485 1281 640 1356 insanae
664 1307 819 1358 saeuum
842 1303 913 1381 per
936 1281 1048 1354 inane
1083 1276 1287 1379 phalanges

251 1405 443 1491 Abannae,
468 1399 518 1474 ad
542 1400 684 1476 laevam
709 1402 961 1502 dextramque,
993 1399 1166 1498 infraque
1192 1424 1390 1501 supraque,

253 1527 336 1597 Hae
362 1523 449 1595 illae
473 1521 586 1597 variis
608 1520 794 1622 susdeque
821 1521 1009 1595 erroribus
1034 1520 1151 1595 ibant.
1380 1536 1451 1606 385

255 1647 334 1716 Ter
358 1643 496 1718 frustra
518 1640 559 1713 in
583 1641 702 1715 nubes
725 1642 854 1717 validis
880 1641 1076 1715 conatibus
1103 1656 1209 1712 antae
1215 1664 1229 1734 3

254 1767 333 1835 Ter
357 1763 486 1864 lapsae
502 1762 552 1835 ad
574 1779 730 1856 terram3
754 1781 812 1837 ter
836 1788 982 1835 rursum
1008 1760 1178 1835 concitae
1204 1756 1255 1833 ad
1280 1785 1402 1836 auras.

256 1883 360 1956 Mille
384 1884 461 1957 rias
487 1883 627 1974 ineunt,
653 1885 849 1985 spinasque
874 1884 1062 1982 orbesque
1086 1896 1268 1972 retexunt,

256 2004 307 2077 Ut
332 2002 531 2104 vespertini
553 2029 623 2104 per
647 2029 733 2079 sera
757 2003 977 2105 crepusoula
1000 2026 1123 2073 mures

253 2124 441 2221 Pinnigeri
464 2122 629 2199 volitant.
680 2125 763 2227 Stat
786 2125 907 2225 longis
932 2122 1065 2198 fallere
1090 2119 1193 2220 gyris
1383 2137 1454 2207 590

255 2247 439 2315 instantes
465 2269 489 2316 a
512 2261 619 2343 tergo
642 2243 789 2317 bostesa
814 2269 893 2318 nou
917 2244 950 2316 si
974 2259 1059 2315 ruat
1088 2240 1170 2341 ipse

254 2365 425 2463 Desuper
450 2364 685 2463 omnipotens
710 2363 821 2460 jurati
847 2362 982 2435 cedere
1008 2385 1157 2460 eampo.
1335 2454 1338 2467 ι

351 2482 508 2582 Jamque
533 2482 629 2555 adeo
645 2482 684 2555 in
698 2483 848 2582 longam
860 2499 1010 2555 noctem
1023 2480 1106 2553 fera
1126 2479 1228 2554 bella
1243 2483 1453 2559 trahebant.

251 2604 335 2677 lam
357 2600 489 2703 procul
513 2600 633 2674 audiri
656 2602 810 2695 elamor,
834 2603 1067 2703 stygiumque
1090 2582 1277 2677 eeleusnia

256 2725 440 2824 Coeperat
461 2722 631 2795 infernae
657 2724 800 2815 classis,
825 2725 1011 2824 longeque
1045 2724 1162 2799 videri
1382 2741 1453 2809 395

255 2848 460 2916 Tartareae
484 2862 669 2918 antennae
695 2846 930 2943 distentaque
956 2845 1112 2919 carbasa
1141 2860 1264 2919 rento.

258 2963 349 3036 Cum
371 2965 494 3038 subito
519 2966 658 3038 tonitru
683 2967 813 3041 Divum
837 2971 948 3059 Pater
972 2982 1084 3064 atque
1113 2964 1304 3038 hominum
1327 2970 1408 3039 Rex
1504 2988 1528 3015 ‘1

259 3083 416 3157 Sidereo
442 3109 462 3155 e
487 3084 582 3159 solio
605 3102 724 3159 totum
754 3087 965 3161 tremefecit
988 3086 1199 3191 Olgmpum.

255 3208 355 3278 ane
381 3222 501 3277 autem
527 3204 607 3302 (res
631 3206 762 3306 mirol)
797 3206 927 3281 aderat
951 3206 1117 3283 sublimis
1141 3210 1309 3281 Amazon

257 3324 356 3397 Albo
383 3326 423 3398 in
447 3350 557 3426 equo,
584 3327 687 3400 aeria
704 3328 855 3403 ueniens
880 3328 1062 3404 altissima
1082 3327 1181 3402 nube
1384 3338 1457 3416 400

256 3444 443 3533 Bellatrix,
471 3448 530 3519 oui
555 3449 741 3523 taenarias
767 3448 998 3523 confundere
1032 3466 1171 3523 turmas

256 3568 495 3666 Armipotens
522 3568 688 3649 dederat.
720 3572 806 3642 Non
830 3571 917 3645 huie
941 3586 1082 3643 armata
1106 3567 1229 3641 securi
1267 3644 1269 3649 ,

256 3686 472 3786 Hippolyte,
496 3706 560 3761 aut
583 3690 674 3789 ripis
698 3691 877 3763 Amaseni
912 3690 1046 3765 educta
1072 3688 1225 3763 Camilla

189 3946 192 3955 ·
257 3915 292 3966 v.
311 3918 374 3968 ³85.
388 3918 577 3984 susdeque
595 3918 615 3971 ἱ.
638 3934 663 3972 a.
678 3928 829 3975 sumnmat
850 3925 987 3979 deorsum.

257 4006 291 4058 V.
314 4009 377 4060 899.
396 4010 588 4063 Amazones
613 4014 733 4066 femmae
749 4014 988 4087 bellicoslssimae,
1013 4030 1083 4083 quae
1098 4014 1215 4079 primum
1235 4008 1400 4064 Sarmfltlstm
1420 4008 1457 4059 Μ

398 4101 510 4152 Tanain
525 4104 647 4173 anulum,
663 4107 760 4157 deinde
771 4105 972 4170 Cappadociam
981 4112 1018 4163 ad
1032 4110 1255 4162 Thermodontem
1272 4106 1455 4157 innotuerunt.

397 4193 730 4250 Sublimtsanazon
749 4199 981 4254 adJndlttam
994 4204 1177 4255 referendum.
1187 4196 1454 4267 ct.1‚sas.1v‚sst.

258 4280 292 4333 V.
309 4285 376 4336 «m.
395 4284 463 4347 Hip
474 4288 622 4358 polyte,
642 4291 699 4342 filla
714 4292 811 4343 Martis
827 4298 857 4344 et
870 4294 1005 4364 ortunae,
1028 4306 1109 4347 soror
1122 4294 1255 4355 Antiopae
1269 4293 1298 4341 et
1313 4289 1456 4352 Orithyae,

398 4378 555 4440 reginarum
572 4383 748 4436 Amazonum.
769 4386 842 4436 Just.
860 4388 886 4453 2,
905 4389 932 4439 4.
969 4389 1057 4439 Plaut.
1085 4388 1157 4437 Men.
1177 4386 1205 4451 1,
1230 4386 1257 4450 ³,
1282 4383 1325 4435 17.
1361 4382 1457 4430 Ama-

396 4481 501 4519 senus
519 4475 646 4544 (suppia,
660 4478 707 4528 vel
718 4480 800 4531 nume
811 4477 874 4532 dell'
890 4482 1027 4541 Abbazia)
1040 4480 1140 4531 fluvius
1150 4477 1313 4529 volscorum
1325 4474 1353 4524 iu
1365 4471 1457 4523 natio.

398 4562 476 4626 virg.
498 4567 566 4616 Aen.
584 4570 611 4633 ⁷,
635 4571 697 4621 685.

432 4655 512 4707 cam
521 4658 529 4707 ἰ
537 4659 588 4710 lla
599 4661 678 4727 virgo
688 4662 801 4732 Volsca,
811 4671 881 4727 quaa
893 4662 982 4717 durno
995 4667 1089 4717 contm
1100 4663 1212 4715 Latinos
1219 4666 1248 4715 et
1260 4664 1381 4713 Aeneam
1390 4670 1459 4710 aux·

396 4746 446 4799 llio
464 4752 548 4806 vantt.
566 4753 643 4823 Vlrg.
666 4758 736 4812 Aen.
758 4760 786 4823 'li
810 4758 872 4813 8⁰8.
