3634 5667
296 578 367 649 1⁶2
706 501 949 633 tisun
999 561 1060 637 tx,

296 759 426 838 Astitit
449 774 536 833 ante
561 747 710 849 oeulos,
735 756 961 858 placidoque
986 756 1080 831 haec
1105 780 1173 830 ore
1196 754 1363 834 locutus:
1422 812 1426 817 -

296 882 442 973 Dicite,
466 879 700 979 montivagae
714 894 866 968 matres,
892 894 984 977 quot
1000 876 1122 950 adbuc
1136 877 1258 951 stadia
1280 904 1397 980 usque
1425 896 1511 965 170
1632 929 1638 986 3

296 1006 341 1076 ln
362 1004 450 1103 juga
476 998 668 1075 oliviferae
694 995 850 1071 Sunae‘?
873 997 980 1073 laeva
1002 999 1183 1071 haeccine
1208 1016 1287 1073 tuta

203 1181 209 1186 .
299 1118 468 1196 Semita'?
493 1146 541 1192 aa
567 1119 724 1193 alluvio
750 1117 983 1193 dextrorsum
1007 1117 1221 1193 tendimus?
1247 1120 1324 1194 Olli

298 1245 490 1320 Susannat
513 1240 695 1341 Exiguum
718 1256 890 1340 superest
912 1240 1004 1317 itert
1030 1265 1140 1313 amne
1165 1240 1331 1313 secundo
1445 1272 1446 1280 ¹

173 1459 175 1462 Α
298 1366 419 1466 Gar-pe
443 1364 568 1454 dnm,
593 1386 670 1461 qua
692 1384 815 1460 prone
839 1359 966 1435 ferunt
990 1360 1148 1435 declivia
1169 1360 1285 1437 vallis.

298 1488 331 1561 0
357 1487 541 1577 miserae,
566 1481 714 1583 excepit
738 1480 885 1573 senior,
912 1506 1008 1582 quae
1035 1506 1124 1554 cura
1149 1500 1325 1581 vagantes
1426 1493 1506 1561 175

296 1608 381 1682 Huc
406 1603 510 1706 egit?
536 1601 670 1704 quidve
695 1602 761 1675 illa
778 1601 912 1702 procul
938 1626 1063 1674 comes
1089 1602 1208 1675 altera
1234 1596 1385 1703 plorat?
1457 1613 1460 1621 '

299 1727 427 1826 Quove
450 1725 586 1797 tenetis
605 1720 706 1796 iter?
730 1728 854 1823 Largo
879 1740 958 1796 tum
981 1722 1162 1796 Debbora
1186 1723 1294 1799 fletur

298 1847 359 1920 Ah
383 1848 510 1948 pater!
535 1842 655 1935 haud,
680 1844 824 1943 inquit,
849 1861 1000 1917 nostrae
1026 1842 1094 1916 tibi
1119 1869 1257 1915 nomen
1282 1840 1332 1914 ad
1357 1862 1466 1911 aures

299 1969 393 2039 Fors
418 1962 786 2065 unquamae'ciderit
809 1960 982 2037 Mariae?
1008 1964 1094 2037 Non
1117 1964 1194 2036 ulla
1218 1963 1287 2036 sub
1314 1987 1381 2034 axe

301 2086 476 2159 Sanctior
500 2084 547 2157 in'
564 2086 707 2179 terris,¹
723 2110 795 2157 nec
818 2083 878 2157 fas
898 2082 1012 2155 modo
1040 2084 1184 2185 singula
1208 2082 1325 2155 fando
1427 2090 1504 2158 180

299 2211 487 2280 Enarrare
512 2206 596 2284 tibi.
648 2204 726 2277 Sed
750 2231 850 2278 nunc
875 2204 1087 2278 tristissima
1111 2222 1250 2295 natum,

301 2327 370 2400 Cui
394 2353 473 2400 non
496 2326 575 2400 ulla
597 2351 729 2428 parem
752 2328 836 2401 tulit
860 2342 990 2416 aetas,
1015 2350 1087 2397 nec
1111 2324 1210 2397 feret
1233 2348 1402 2425 usquam,

299 2449 386 2523 lam
409 2436 548 2521 dudum
571 2473 666 2547 vaga
688 2453 758 2550 p‘cr
781 2466 928 2521 montes
952 2472 1096 2548 perque
1122 2443 1262 2547 oppida
1287 2442 1432 2544 quaerit

301 2567 507 2658 Amissum,
533 2584 575 2641 ut
597 2594 744 2660 remur,
771 2568 949 2669 Solymis.
1000 2566 1113 2641 Stetit
1137 2584 1217 2639 arte
1241 2566 1360 2641 viator
1477 2634 1481 2643 l

302 2688 421 2763 Multa
442 2689 567 2762 animo
591 2690 703 2764 veluti
726 2708 926 2791 reputans,
951 2689 1107 2787 levaque
1131 2688 1319 2787 prehenso
1431 2695 1504 2764 185

303 2809 476 2883 Incubuit
499 2829 647 2904 mento,
672 2814 896 2915 paulumque
922 2810 1114 2882 obtutibus
1132 2809 1253 2880 haesit

305 2931 463 3002 Intentio
484 2948 576 3005 nutu
599 2934 801 3034 pendente.
850 2932 942 3003 lnde
967 2958 1036 3005 ora
1060 2952 1257 3005 serenans:

232 3148 236 3164 „
309 3052 414 3151 Quae
440 3053 549 3124 Pueri
574 3055 742 3153 species,
765 3080 831 3147 os,
858 3071 961 3127 aetas
989 3071 1026 3124 et
1051 3048 1184 3124 color?
1209 3049 1331 3149 inquit
1338 3078 1351 3144 3

206 3192 211 3203 ‘
306 3172 415 3243 Hunc
441 3194 512 3270 ego
536 3170 769 3251 fortasse...
797 3174 869 3246 Hic
886 3173 1043 3274 trepidis
1066 3170 1173 3243 simul
1189 3188 1347 3270 utraque
1372 3166 1479 3239 dictis

308 3289 469 3363 Laetitia
493 3289 660 3393 abruptis
685 3292 808 3389 (tanto
835 3320 923 3395 spes
949 3296 1087 3393 impete
1114 3289 1265 3388 oborta)
1434 3304 1505 3372 190

308 3410 453 3486 Ambae
476 3410 660 3487 sollicitae
685 3412 823 3509 faciem
842 3431 1054 3509 restemque
1080 3411 1333 3511 coloremque,

310 3534 501 3623 Aetatem,
528 3534 691 3626 crinem,
715 3562 846 3609 rocem
868 3512 1128 3633 incessumque
1150 3531 1349 3621 docebant,

313 3651 443 3725 Sicubi
466 3636 618 3728 vidiriet
640 3654 739 3728 forte
764 3684 950 3757 unquam,
978 3672 1041 3728 aut
1067 3653 1186 3726 sicubi
1211 3653 1412 3752 quicquam

314 3770 505 3849 Audiseet.
556 3775 743 3874 Solymis,
768 3771 821 3851 ait
845 3777 930 3869 ille,
957 3776 1162 3850 simillimus
1189 3772 1296 3847 annis

316 3981 353 4033 v.
372 3982 434 4035 ree.
451 3982 524 4034 snit
542 3983 666 4037 veneta:
1360 3952 1374 4003 ἴ

287 4079 290 4088 “
525 4076 637 4127 AdstitIt
654 4081 720 4129 ante
736 4078 842 4149 oculos,
860 4086 943 4147 atque
960 4082 1029 4132 haec
1046 4077 1123 4142 prior
1143 4090 1196 4129 ore
1223 4076 1366 4148 looutuszs
1394 4072 1398 4079 “

266 4222 267 4225 ¹
318 4165 353 4216 V.
374 4166 434 4221 1t1.
454 4166 555 4217 Suae
573 4167 623 4235 lv,
641 4171 686 4221 tt.

319 4256 355 4308 V.
375 4259 436 4311 tte.
454 4257 527 4309 Edit.
545 4259 645 4310 venet.
663 4272 713 4322 pro
732 4260 754 4312 0
771 4262 927 4316 miserae
944 4265 964 4315 1.
983 4267 1098 4331 Atros,

319 4348 355 4399 V.
375 4349 436 4401 1⁷¹1.
454 4347 526 4399 uait
545 4348 644 4402 venet.
662 4365 711 4414 pro
729 4358 796 4403 tum
811 4356 832 4405 1.
852 4354 918 4406 cui.

321 4439 357 4489 V.
376 4442 437 4492 184.
456 4442 630 4503 solymis.
649 4444 671 4509 l,
689 4446 716 4496 6.
736 4447 802 4497 Luc.
821 4449 848 4513 8,
867 4448 901 4499 42
920 4462 997 4513 seqq.

328 4532 364 4581 V.
386 4535 437 4589 194
453 4540 482 4583 et
501 4536 562 4587 105.
580 4536 660 4586 uait·
671 4534 793 4588 Veneta:

1093 4609 1250 4673 elmilllmus
1266 4612 1352 4669 (mam

521 4696 611 4789 ‘Nunc
629 4699 753 4762 equidem
778 4700 917 4762 recolens)
935 4714 1016 4757 secra
1035 4704 1188 4757 Salomonis
1206 4703 1235 4757 in
1250 4706 1320 4755 cede
