3634 5667
690 514 931 583 LIBER
981 512 1059 587 Vll.
1413 532 1483 599 135
1548 596 1551 604 s

277 710 463 810 Nudaque
487 706 680 783 brachiola
704 706 755 780 ad
775 707 873 786 risos,
895 706 1067 808 proferre
1091 732 1281 787 racemos..

278 837 350 907 Ast
375 858 446 932 ego
470 829 630 904 ludentis
653 827 760 929 pueri
784 854 964 930 prensare
988 828 1150 901 lacertos
1408 846 1478 915 355

278 953 373 1027 Indo
400 950 533 1043 ebore,
559 949 721 1024 admixto
746 950 863 1049 Tyrio
889 966 992 1023 ostro
1018 946 1266 1027 candidiores.
1303 963 1308 973 ‘

279 1074 380 1173 Quin
405 1071 538 1161 edam,
562 1070 733 1161 memini,
755 1070 911 1170 propior
933 1067 1104 1141 scitarier
1130 1093 1222 1142 ausa

278 1192 436 1267 Infantis
461 1217 620 1286 nomen,
649 1191 710 1265 cui
733 1189 1003 1263 formosissima
1027 1188 1146 1261 laetos
1392 1280 1396 1287 Ι

278 1312 486 1387 Adventans
513 1312 663 1404 oculos,
688 1313 834 1400 lesum,
860 1309 981 1408 inquit
1005 1312 1145 1405 Mater,
1173 1327 1211 1383 et
1234 1310 1307 1387 isto

278 1434 440 1507 Nomine
464 1433 642 1507 Nazarcis
668 1431 715 1505 de
740 1430 873 1505 finibus
899 1429 1081 1530 (eddidit)
1108 1430 1199 1503 olim
1405 1450 1479 1519 570

280 1558 489 1629 Monstrum
512 1552 751 1642 horrendum,
775 1554 949 1641 immane,
975 1552 1106 1651 ingens
1132 1552 1279 1626 arcebis
1303 1552 1442 1646 Idume,

280 1673 469 1749 Undecies
493 1693 693 1776 postquam
714 1673 772 1746 sol
796 1676 903 1773 sigua
926 1672 1126 1745 recurrerit
1150 1673 1250 1746 enni.

279 1792 346 1867 sia
371 1796 528 1894 genitrix
551 1795 679 1897 pueri;
703 1792 809 1867 testis
833 1789 928 1874 mibi
947 1792 1056 1865 turba
1081 1818 1272 1887 sororum,

279 1915 387 2013 Quae
409 1940 589 2015 praesens
613 1914 744 1990 aderat
768 1913 895 1992 dictis:
921 1915 1071 2015 jamque
1095 1914 1227 2017 incipit
1250 1941 1369 1991 annus

278 2035 439 2125 Fatalis,
465 2062 578 2136 quem
601 2035 764 2111 terrifico
788 2053 878 2111 tunc
902 2062 968 2111 ore
994 2036 1169 2111 canebat.
1208 2096 1209 2099 ,
1316 2038 1321 2041 ’
1404 2054 1476 2123 575

277 2156 346 2229 llis
373 2181 463 2257 ergo
488 2157 648 2257 auguriis
673 2158 795 2230 laetae
822 2156 926 2257 (nam
952 2157 1076 2233 sidere
1099 2176 1180 2233 toto

277 2276 363 2349 Jam
387 2276 640 2351 scintillabant
664 2278 822 2378 sparsim
846 2277 1068 2353 nitidissima
1093 2280 1219 2380 coelo)

277 2396 419 2471 Ultima
442 2425 527 2473 cum
549 2397 715 2472 lacrimis
740 2398 933 2470 libavimus
959 2400 1088 2473 oscula
1114 2402 1232 2473 cunis.
1322 2482 1326 2496 .

276 2517 370 2591 Inde
392 2544 461 2620 per
483 2520 682 2595 obscuram
705 2533 875 2609 noctem,
899 2544 969 2619 per
995 2545 1112 2595 coeca
1135 2521 1275 2597 viarum

277 2638 443 2713 Sublatis
466 2642 598 2741 paleis,
621 2638 838 2715 ardentibus
864 2656 975 2740 atque
1000 2642 1186 2743 maniplis,
1405 2659 1477 2729 580
1598 2668 1602 2677 “

275 2763 319 2832 ln
343 2761 485 2861 patrios
509 2761 618 2835 hilari
644 2777 755 2834 cantu
779 2761 1020 2836 remeavimus
1047 2791 1168 2865 agros.

377 2880 484 2955 'I'alia
508 2883 685 2957 narrabat
710 2882 852 2955 cunctis
877 2884 1097 2961 mirantibus
1118 2890 1220 2988 Agar

276 2978 523 3103 Erigaddaea‚
550 3005 638 3078 olim
662 3025 841 3104 praesens
868 3031 965 3103 quae
991 3006 1133 3080 viderat
1156 3009 1250 3108 ipsa.

279 3127 403 3222 Atque
428 3124 515 3197 hinc
539 3126 687 3198 Nazarii
713 3126 823 3197 statio
848 3126 1058 3224 gratissima
1081 3128 1190 3228 pagi,

277 3244 427 3317 lncolae
452 3244 518 3317 ubi
543 3246 662 3318 Maria
685 3262 722 3317 ct
746 3246 872 3337 lesus,
900 3245 1114 3321 dulcissima
1137 3250 1214 3348 jam
1239 3266 1317 3322 tum
1402 3266 1472 3331 385

275 3364 455 3453 Nomina,
482 3364 638 3438 deliciae
664 3382 775 3463 atque
800 3368 947 3441 humilis
974 3370 1107 3444 solatia
1130 3372 1238 3450 ruris.

374 3489 470 3558 Tum
493 3512 581 3561 vero
607 3487 771 3559 attonitis
797 3486 857 3558 lux
882 3488 1033 3563 tandem
1058 3491 1202 3565 coelica
1226 3489 1361 3565 oborta
1387 3511 1443 3565 est

275 3605 450 3705 Prodigio
472 3608 632 3705 ingenti,
659 3631 820 3708 spesque
845 3610 1044 3710 improvisa
1068 3612 1225 3687 refulsit.

275 3728 372 3799 Nam
399 3728 523 3802 senior
546 3731 666 3800 Puero
692 3745 730 3801 et
753 3732 894 3804 Mariae
922 3730 1099 3823 dilectus,
1122 3735 1270 3835 utrique
1329 3816 1336 3821 ,

274 3848 358 3919 lam
383 3846 521 3920 dudum
545 3866 712 3923 assuetus
736 3850 895 3944 laribus,
922 3856 981 3927 cui
1005 3854 1161 3928 foenore
1185 3856 1290 3957 largo
1401 3875 1471 3943 590

274 4139 309 4191 V.
330 4142 392 4193 368.
410 4140 530 4191 Indum
548 4144 638 4192 ebur
655 4147 716 4193 erat
732 4144 914 4204 praeclarum.
934 4145 1034 4199 catull.
1052 4152 1097 4215 et,
1115 4150 1159 4201 48.
1275 4156 1281 4161 “

487 4234 634 4297 Tyrium
652 4239 796 4286 ostrum.
816 4236 865 4303 IV,
885 4240 946 4290 257.

272 4356 308 4406 V.
329 4353 390 4409 366.
408 4358 435 4407 in
453 4358 526 4409 Edit.
544 4360 642 4412 venet.
663 4361 804 4413 omtttitur.

273 4482 309 4532 V.
328 4484 390 4535 att.
408 4483 540 4534 Idume.
559 4485 581 4548 l,
600 4488 642 4537 st.

274 4608 308 4657 v.
329 4611 389 4660 ssa.
408 4609 639 4675 angeriaci.
660 4614 719 4679 vu,
741 4616 800 4665 ter.

448 4849 502 4976 s
