3634 5667
293 606 415 691 ¹128
591 558 600 582 ⁸
756 560 1204 661 1.·1onnv11.'

339 787 407 861 llle
431 783 536 857 dabit
558 782 662 858 robis
686 784 850 882 magicas
876 782 1027 858 eludere
1051 784 1215 875 fraudes,
1460 801 1537 870 165

339 904 519 995 Isacidae,
541 904 603 977 ille
626 904 747 975 Deum
770 904 963 977 mentitum
989 907 1132 979 arcebit
1155 903 1314 982 Idume}

339 1029 406 1102 His
428 1027 539 1128 igitur
563 1023 671 1098 dictis
696 1022 901 1098 horrebant
924 1025 1087 1125 undique
1114 1044 1290 1127 agrestes.

338 1150 435 1222 Hine
461 1148 685 1220 Samaraeae
710 1147 833 1219 excisa
857 1148 977 1220 omnis
1004 1151 1227 1221 commercia
1252 1145 1384 1247 gentis,

339 1273 456 1369 Inque
483 1267 562 1340 dies
585 1267 703 1367 magis
733 1284 844 1365 atque
868 1269 987 1366 magis
1010 1268 1117 1369 plebs
1143 1269 1274 1341 territa
1294 1268 1485 1357 monstris,

337 1391 582 1487 Nazareoque
607 1414 719 1488 super
742 1391 862 1460 Puero
885 1413 990 1461 mens
1016 1389 1186 1461 omnibus
1213 1414 1364 1489 anceps.
1463 1404 1537 1472 170

341 1509 521 1584 Omnibus
546 1508 585 1579 in
609 1509 703 1583 rotis
728 1508 891 1607 aliquam
917 1509 1153 1582 exalbe'scere
1178 1508 1302 1581 lucem

338 1634 371 1704 E
398 1629 515 1720 coelo,
542 1646 653 1729 atque
677 1629 751 1702 alte
775 1630 951 1729 injectam
976 1654 1166 1702 rarescere
1192 1646 1353 1703 noctem.

338 1752 411 1842 Da,
435 1755 557 1840 Pater,
584 1751 789 1849 augurium,
816 1750 880 1848 qui
899 1751 1068 1849 praevius
1093 1752 1179 1851 igne
1206 1750 1400 1824 columnae

338 1869 503 1945 Isacidas
528 1870 717 1969 quondam
743 1871 892 1943 deserta
914 1895 984 1970 per
1009 1873 1089 1946 avia
1116 1872 1234 1944 duxti:

341 1992 486 2090 Quique
512 1990 602 2063 olim
625 1991 800 2091 precibus
825 1991 942 2063 victus
968 1991 1176 2066 sitientibus
1200 1992 1339 2063 undam
1465 2005 1535 2073 175

340 2111 515 2185 Cautibus
542 2137 563 2182 e
588 2110 702 2203 duris,
726 2111 826 2184 dona
849 2112 1052 2210 insperata,
1079 2112 1234 2186 dedistis

286 2291 289 2307 .
339 2236 400 2307 Da
424 2232 534 2304 finem
561 2232 671 2323 curis,
699 2249 810 2331 atque
835 2248 955 2303 atram
981 2229 1111 2331 disjice
1137 2232 1286 2305 nubem.
1314 2242 1317 2247 '

340 2352 494 2426 Talibus
515 2371 665 2426 orantes
691 2347 899 2426 onerabant
924 2352 1049 2425 sidera
1072 2353 1177 2431 rotis.

439 2473 531 2547 Cum
553 2474 705 2546 tandem
730 2474 849 2547 tenuis
874 2473 1105 2575 resplenduit
1127 2474 1277 2547 aethere
1301 2471 1438 2573 fulgor,

337 2600 455 2697 inque
481 2596 570 2669 atris
596 2594 699 2667 fulsit
723 2618 811 2693 spes
833 2595 1034 2695 improvisa
1048 2593 1211 2666 tenebris
1218 2621 1232 2689 3
1467 2610 1539 2677 180

341 2718 450 2819 Spes,
475 2718 639 2816 inquam,
667 2740 780 2813 quam
803 2712 902 2787 forte
927 2714 1010 2785 tulit
1032 2714 1232 2812 peregrina
1253 2714 1380 2814 puella

339 2840 543 2913 Historiam
562 2855 721 2912 veterem
748 2860 919 2910 narrans.
968 2837 1064 2906 Rem
1087 2833 1203 2907 fusius
1230 2860 1381 2909 omnem

338 2959 459 3033 Altius
485 2958 613 3053 ordiri,
640 2956 847 3053 seriemque
874 2952 922 3027 ab
949 2953 1092 3052 origine
1115 2972 1294 3056 praestat,

340 3084 391 3153 Et
412 3079 526 3169 varia,
550 3096 592 3149 ut
610 3103 774 3177 possum,
795 3078 1024 3149 intertexere
1048 3077 1206 3149 stamina
1230 3077 1341 3150 telae.

440 3201 538 3272 Nam
550 3196 665 3270 semel
678 3195 843 3269 hibernis
862 3196 1108 3269 circumfusae
1125 3195 1272 3293 ignibus
1288 3197 1423 3270 Esther
1468 3214 1538 3281 185

342 3299 465 3419 Atque
489 3344 581 3391 uxor
604 3318 786 3390 Jonathae
820 3335 857 3390 et
878 3316 1049 3390 Damaris
1078 3315 1332 3414 longaevaque
1359 3317 1539 3415 Charmis,

343 3442 604 3539 Nazariaeque.
624 3438 732 3533 aliae,
758 3455 927 3540 strepere
951 3434 1168 3537 ingentique
1195 3459 1354 3526 corone,

343 3563 407 3639 Ac
427 3563 543 3634 risum
567 3560 711 3652 faciles,
737 3587 825 3661 pars
849 3560 987 3634 vellera
1013 3554 1202 3653 crudaque
1221 3554 1301 3625 lina

346 3684 557 3784 Carpebant
565 3708 578 3777 3
604 3684 685 3756 aliis
711 3682 819 3754 labor
843 3680 949 3752 hirtis
976 3675 1118 3750 solvere
1136 3675 1287 3747 echinis
1478 3780 1480 3785 ι

347 3805 570 3891 Castaneas3
595 3804 690 3876 aliae
714 3800 941 3900 torquebant
966 3796 1125 3870 stamina
1148 3794 1255 3871 fusis.
1471 3809 1544 3876 191)

257 3934 269 3974 l
345 3934 456 4002 Forte
481 3945 605 4001 autem
628 3922 792 4022 reliquas
817 3921 949 3995 aderat
973 3916 1188 4019 spectabilis
1213 3917 1311 3990 inter

344 4112 763 4133 w

347 4226 383 4276 V.
402 4222 658 4286 166.1sacldae.
677 4220 740 4270 vll.
758 4221 801 4271 21.
838 4221 966 4271 Idume.
983 4218 1007 4287 1,
1029 4220 1072 4273 31.

347 4318 385 4368 V.
406 4318 457 4369 166
470 4317 543 4365 inter
553 4319 583 4365 et
598 4313 633 4362 V.
650 4313 700 4364 167
716 4312 789 4362 Edit.
813 4313 913 4363 venet.
931 4314 1079 4375 interponit
1088 4322 1100 4363 τ’
1133 4374 1136 4383 Ι

361 4463 364 4468 ,
463 4420 469 4434 ’
488 4410 567 4459 Hunc
585 4406 713 4469 praeibas
732 4411 843 4456 servate
858 4406 930 4471 piis,
947 4406 1010 4455 huic
1026 4406 1080 4455 tlte
1095 4405 1208 4475 Sabaea*

491 4502 580 4552 'thura
595 4501 674 4565 date,
699 4501 727 4547 et
744 4498 847 4550 sanctis
860 4495 921 4563 jam
937 4513 1008 4549 nuno
1021 4498 1180 4549 assuescite»
1191 4490 1275 4544 votis.

351 4595 386 4645 V.
403 4595 455 4646 171
475 4593 627 4645 6116176.
649 4589 1016 4659 craternxoa.1s‚ttsq.
1032 4602 1093 4653 cap·
1108 4590 1151 4641 17.
1167 4600 1191 4638 c.
1209 4588 1255 4653 40,
1277 4584 1370 4647 6631)·

351 4689 387 4738 V.
405 4690 466 4740 187.
481 4688 679 4748 streperos
696 4684 715 4733 ἰ.
733 4695 759 4746 q.
775 4687 915 4748 strepens.¹
