3634 5667
334 556 383 633 [ιο
754 541 998 614 munii
1045 543 1107 619 111.

331 741 399 815 illo
427 738 638 843 explorator
664 735 855 838 qnondam
878 738 1110 834 teterrimus,
1137 763 1247 812 ausus

334 864 387 938 Os
411 860 552 933 inferre
577 860 712 962 epulis,
735 856 865 932 reduci
890 885 984 961 quas
1009 859 1151 935 coelica
1174 859 1285 932 turha

330 981 475 1082 Virgini
500 980 711 1055 adornarat.
761 979 904 1079 Prohro
928 981 1182 1082 ignavissimus
1207 981 1328 1081 impar

329 1101 403 1175 Per
429 1101 577 1176 deserta
600 1128 714 1201 vagus
741 1101 954 1194 Samareia,
979 1121 1146 1202 tempore
1172 1101 1286 1200 longo

329 1223 488 1296 Abditus
507 1222 548 1294 in
572 1223 671 1297 silris
695 1222 819 1299 latuitz
846 1223 1070 1324 Stygiosque
1095 1246 1263 1297 reversus

329 1347 521 1418 Postremo
547 1342 597 1414 ad
619 1369 747 1416 manes
772 1345 996 1418 inhonorum
1019 1345 1060 1416 in
1083 1343 1220 1417 uertice
1244 1340 1388 1431 vulnus,

330 1464 442 1564 Quod
463 1489 617 1537 nemore
642 1465 682 1537 in
708 1490 817 1540 sacro
843 1465 1035 1539 citharista
1058 1463 1241 1536 inflixerat
1265 1459 1367 1551 Ales,

317 1583 505 1659 ‚Ostendit
530 1608 676 1681 coram,
705 1611 876 1686 quaeque
900 1587 978 1659 illic
1002 1586 1163 1676 viderat,
1191 1602 1228 1657 et
1253 1597 1350 1683 qu‘ae

329 1695 521 1797 Audierat,
545 1706 681 1783 retulit.
731 1709 838 1779 Tunc
863 1707 947 1782 imis
973 1724 1053 1780 atra
1076 1704 1248 1780 medullis

330 1826 478 1898 Exarsit
501 1826 645 1917 rabies,
669 1827 892 1928 penitusque
918 1830 1064 1929 ignauia
1088 1826 1203 1899 tristis

328 1949 372 2018 In
395 1945 563 2019 flammas
586 1947 696 2020 abiit:
721 1965 799 2019 tum
821 1948 944 2023 fracta
967 1950 1147 2050 repagula
1170 1946 1278 2038 Ditis,

329 2069 426 2139 Tum
451 2069 562 2142 sociis
589 2067 677 2141 data
701 2068 878 2160 libertas,
903 2069 1168 2170 patefactaque
1194 2068 1368 2162 claustra,

328 2188 498 2262 Emissae
524 2187 643 2261 furiae
670 2213 714 2261 er
740 2188 884 2289 adytis,
912 2189 1137 2291 decretaque
1163 2189 1274 2266 bella.
1383 2177 1387 2186 ⁴

427 2309 615 2410 Principio
640 2309 800 2382 lemures
824 2311 1019 2409 praemissi
1044 2312 1247 2401 Nazareth,
1272 2333 1340 2382 ore

220 2496 225 2506 ,
328 2430 486 2502 Mentito
512 2447 623 2530 atque
649 2429 778 2503 habitu
804 2431 962 2530 agresti,
990 2433 1054 2532 qui
1078 2450 1248 2532 tempora
1272 2427 1375 2513 nacti

256 2573 260 2578 ’
327 2552 485 2632 Insidias
511 2555 716 2642 struerent,
742 2568 854 2652 atque
875 2552 1067 2653 explorata
1091 2551 1287 2625 referrent.

328 2672 389 2745 llli
414 2690 556 2765 autem,
582 2697 631 2744 ne
657 2671 749 2771 qnid
771 2671 869 2743 male
895 2691 1086 2773 comptum
1109 2675 1231 2774 turpia
1256 2673 1394 2747 Averni

327 2792 527 2885 Proderet,
552 2793 610 2868 his
634 2793 743 2866 dictis
768 2792 906 2865 menda
931 2818 1151 2893 erroresque
1175 2792 1397 2867 monebantr

327 2917 464 3005 „Hane
486 2933 528 2987 tu
553 2915 786 3013 cornigeram
809 2913 973 2986 frontem
998 2915 1129 2986 melius
1152 2916 1226 2987 nisi
1250 2913 1362 3005 celes,

329 3035 587 3134 „Dignoseere
614 3035 759 3127 statim,
786 3051 898 3133 atque
925 3035 1058 3135 aliquis
1083 3035 1243 3107 fortasse
1271 3033 1466 3107 choraules

330 3153 559 3255 „Capripedi
584 3171 625 3224 ut
650 3153 754 3226 socio
780 3152 923 3246 cithara
948 3155 1016 3226 tihi
1041 3181 1166 3227 rursus
1188 3154 1236 3227 ad
1262 3180 1369 3231 aures

329 3277 518 3367 „Carmen
532 3275 632 3347 idem
648 3273 802 3345 recinet.
853 3274 941 3346 Tibi
956 3301 1044 3347 vero
1058 3275 1153 3347 haec
1172 3275 1311 3350 huhula
1326 3279 1454 3352 calceo
1482 3295 1530 3364 65

328 3397 504 3498 „Ungula
529 3422 570 3468 se
597 3398 749 3470 nimium
773 3395 912 3497 prodit.
963 3397 1021 3466 Tu
1044 3395 1203 3495 pellibus
1230 3423 1347 3475 uncos

328 3500 436 3624 „Hos
463 3518 619 3619 digitos:
645 3521 777 3617 Tuque
803 3516 987 3589 auriculas
1004 3517 1072 3588 has
1091 3515 1248 3617 obteget
1273 3521 1529 3632 Tuquchanc,

332 3764 368 3816 v.
386 3766 430 3817 47.
458 3766 654 3819 samareia.
699 3764 827 3816 lanaria
862 3743 1062 3832 (Σαμάρεια)
1094 3763 1172 3828 regio
1204 3765 1376 3816 Palaestinae
1410 3767 1529 3818 mediae.

437 3861 459 3910 1.
477 3862 566 3911 Maec.
585 3862 630 3928 1⁰,
647 3862 690 3911 30-
709 3859 776 3913 Luc.
795 3858 839 3923 17,
858 3859 901 3909 11.
922 3859 1002 3908 slav.
1017 3859 1077 3909 Jos.
1095 3859 1159 3910 bell.
1176 3855 1236 3924 jud.
1257 3858 1306 3924 111,
1330 3861 1356 3922 3.
1373 3859 1399 3909 4.

332 3960 367 4012 V.
386 3965 430 4013 57.
454 3963 625 4013 Lemures
654 3943 882 4029 (μορμολύκεια)
911 3961 930 4010 i.
952 3974 977 4023 q.
1004 3962 1100 4026 Manes
1128 3962 1190 4012 sive
1212 3963 1340 4028 Laruae,
1363 3967 1474 4029 spectra
1502 3969 1531 4016 et

437 4052 593 4119 hujusmodi
613 4059 748 4107 nocturna
772 4055 1004 4106 terriculamenta.
1050 4050 1158 4119 Apuiej.
1185 4056 1218 4104 de
1235 4053 1294 4120 Deo
1319 4056 1425 4116 socrat.
1448 4057 1530 4109 Ouid.

437 4147 515 4197 Fasti
532 4147 569 4214 V,
583 4149 635 4200 421
650 4161 726 4210 seqq.
742 4148 795 4217 iiic
812 4149 960 4198 daemones
978 4146 1141 4211 significant.

331 4247 367 4320 is.
383 4249 428 4301 60.
446 4251 606 4298 Avernus
632 4234 769 4318 (ἄορνος)
793 4252 871 4300 laeua
898 4249 997 4299 ltaliae
1031 4262 1116 4312 prope
1139 4249 1291 4316 Neapolis,
1318 4249 1364 4314 qui
1389 4249 1531 4313 pestiferis

437 4341 655 4392 exhalationibus
677 4348 758 4395 notua
780 4346 856 4408 erat,
882 4341 924 4392 ita
948 4345 978 4390 ut
989 4353 1058 4391 aves
1077 4343 1287 4404 supervolantes
1309 4344 1431 4405 perirent
1453 4343 1531 4401 (inda

438 4429 570 4517 ἅορνυς).
603 4448 662 4511 01¹0
688 4448 786 4513 fiebat,
811 4448 842 4495 ut
859 4448 888 4494 et
902 4445 967 4509 hic,
991 4445 1063 4494 sieut
1079 4446 1107 4494 in
1126 4446 1250 4496 Taenaro
1267 4445 1407 4518 aditualad
1425 4445 1532 4497 inferos

438 4551 501 4588 esse
518 4539 665 4589 diceretur.
701 4539 745 4603 (ii.
768 4539 847 4604 virg.
865 4538 934 4593 Aen.
954 4535 992 4586 Vl
1016 4541 1045 4586 et
1065 4539 1170 4588 Excura
1192 4537 1218 4586 11
1242 4537 1352 4602 lieynii.
1380 4540 1470 4588 i'zotr.
1494 4540 1530 4588 ad

439 4631 576 4696 Lycophr.
592 4633 653 4684 toi.
1452 4653 1455 4660 ⁴
