3634 5667
322 638 369 706 ,⁶
743 611 774 679 1.
799 608 817 677 1
840 607 870 676 a
894 604 986 674 sa
1035 601 1098 676 tv,

322 813 601 895 Neecomitem
624 805 742 900 velle3
768 819 806 874 ct
829 799 1001 874 manibus
1025 794 1187 868 retinere
1208 818 1422 894 sequacem,
1450 808 1520 876 150

295 1007 298 1019 .
323 945 381 1014 Ae
403 929 502 1012 vultu
528 929 700 1006 officiosa
723 925 833 998 bono'
850 922 973 996 lenire
998 918 1198 1010 dolentem,

325 1060 450 1157 Seque
474 1054 578 1128 brevi
599 1048 777 1122 reducem
799 1045 924 1121 multis
948 1041 1177 1145 promittere.
1226 1040 1277 1111 At
1297 1035 1368 1110 illa

325 1175 516 1274 Obsequio
541 1171 792 1274 precibusque
816 1191 941 1240 moras
965 1165 1179 1238 innecteret
1205 1158 1346 1230 Saltem

322 1297 496 1372 Vicinum
520 1293 633 1366 liceat
656 1308 779 1364 tecum
802 1287 895 1360 mihi
920 1282 1108 1362 scandere
1127 1295 1323 1370 montem,

322 1417 451 1507 Unde,
479 1416 549 1511 ait,
575 1428 769 1511 angustum
794 1407 929 1482 callem
955 1405 1144 1503 flexusque
1167 1383 1309 1476 viarum
1391 1461 1418 1476 .,
1448 1408 1519 1474 155

324 1534 529 1612 Ostendam
552 1533 682 1635 paucis
707 1530 931 1632 compendia
955 1545 1063 1602 notat
1087 1520 1254 1622 meisque

322 1663 487 1747 Interea,
513 1653 670 1756 supplex
694 1678 761 1726 oro
786 1669 845 1742 te,
871 1675 1034 1750 quaeso,
1059 1667 1261 1747 parumper

323 1778 493 1852 Filiolam
518 1775 705 1875 committe
728 1773 843 1865 ulnis,
871 1773 936 1872 qui
959 1773 1035 1870 jam
1058 1765 1188 1864 nequit
1216 1762 1315 1835 ultra

322 1900 482 1999 Exiguos
507 1920 639 1999 passus
664 1895 813 1966 trahere
837 1895 936 1967 inter
960 1896 1059 1965 saxa.
1110 1889 1192 1960 Neo
1216 1881 1315 1957 istud

322 2023 416 2096 Diva
438 2019 542 2108 tulit,
567 2019 751 2117 variisque
776 2014 897 2111 modis
924 2011 1080 2086 fallebat
1101 2022 1298 2093 amantem,
1449 2011 1520 2078 too

324 2143 444 2242 Quam
468 2138 578 2212 nullis
603 2156 752 2239 poterat
776 2136 910 2239 procul
934 2134 1021 2207 inde
1047 2131 1206 2206 avellere
1233 2122 1353 2195 dictis.

322 2267 374 2337 At
395 2264 547 2352 saltem,
574 2261 720 2359 ajebat,
746 2259 879 2335 saltem
903 2259 977 2330 hoc
1001 2279 1049 2327 ne
1076 2251 1228 2351 despice
1252 2243 1360 2318 lactis

321 2389 441 2457 Lassa
464 2385 544 2460 viae
568 2382 757 2480 exiguum,
783 2382 888 2482 quod
908 2381 967 2454 fas
993 2375 1083 2451 mihi
1107 2394 1266 2473 porgere
1292 2366 1452 2439 donum:

239 2519 243 2527 '
321 2510 412 2608 Ipsa
429 2531 542 2580 manu
567 2504 731 2605 expressi
755 2531 886 2607 nuper.
937 2501 1056 2574 Simul
1079 2487 1194 2582 haec,
1220 2488 1328 2562 simul
1352 2511 1497 2586 urnam,

322 2628 523 2705 Etartulas
548 2627 692 2726 posuit,
717 2626 919 2725 mersitque
946 2626 986 2695 in
1010 2622 1107 2694 lacte
1133 2611 1327 2710 salignam,
1449 2619 1520 2685 165

196 2796 202 2819 .
323 2745 531 2846 Eduxitque
557 2772 705 2846 gravem
729 2765 916 2846 pateram,
943 2769 1054 2843 quam
1078 2739 1195 2835 Virgo
1219 2723 1428 2830 prehendit,

324 2864 570 2965 Admovitque
596 2867 713 2939 labris
738 2868 847 2938 Pueri
854 2895 866 2960 3
890 2883 968 2937 tum
993 2857 1155 2934 nectaris
1179 2850 1303 2924 hausit
1334 2933 1335 2940 g
1395 2851 1397 2859 ’

326 2985 435 3084 Quod
458 2986 643 3083 reliquum
664 2972 809 3058 'fueratr
834 3014 925 3077 nec,
951 3007 1096 3057 rursum
1121 2995 1161 3049 ut
1184 2986 1366 3058 sumeret,
1391 2964 1490 3038 ullae

327 3104 530 3178 Obtinuere
555 3131 701 3205 preces.
750 3109 912 3178 Rursum
936 3107 1142 3178 instaurare
1169 3090 1353 3192 querelas,

324 3229 487 3296 Rursum
510 3225 642 3328 inopes
666 3224 802 3298 offerre
825 3227 936 3304 lares.
989 3223 1067 3296 Sed
1092 3217 1253 3315 denique
1278 3211 1375 3284 victa
1449 3219 1521 3285 170

182 3346 183 3359 ¹
272 3426 276 3436 ,
324 3349 434 3420 Haud
458 3350 576 3420 tenuit
600 3348 794 3443 lacrimas3
820 3364 932 3447 atque
956 3362 1113 3443 utraque
1139 3334 1294 3410 brachia
1317 3327 1476 3403 tendens

325 3470 455 3570 Exigui
477 3472 637 3571 pretium
660 3486 771 3568 potus
797 3469 863 3566 (ah
888 3466 1033 3565 qualel)
1058 3457 1243 3564 poposcit.

324 3592 464 3680 Mater,
490 3593 560 3683 ait,
587 3589 738 3692 quando
763 3588 940 3661 famulam
967 3587 1213 3679 comitemque
1238 3591 1402 3657 recusas,

324 3711 406 3783 Nee
431 3729 468 3784 te
494 3712 585 3784 alias
609 3710 786 3783 reducam
811 3709 908 3781 forte
932 3731 1096 3805 unquam
1120 3704 1222 3775 lassa
1243 3691 1421 3781 revisam,

324 3834 396 3904 Per
407 3850 456 3923 te,
470 3858 538 3933 per
551 3859 720 3932 superos,
732 3857 874 3931 perque
884 3830 978 3900 haec
988 3826 1133 3927 gemina
1143 3821 1270 3906 ubera,
1280 3811 1437 3913 pulcher
1451 3822 1520 3889 175

326 3953 430 4057 Quae
456 3957 552 4027 Puer
575 3954 637 4024 hic
663 3951 852 4050 quondam
877 3949 1012 4048 pressit
1019 3975 1032 4041 3
1056 3945 1229 4050 permitte
1254 3933 1381 4038 puello

326 4074 538 4170 Suaviolum
562 4072 681 4144 libare
705 4089 788 4142 tuo:
816 4071 868 4140 nil
892 4069 1079 4170 poscimus
1105 4067 1213 4138 ultra.

326 4194 425 4295 Quid
448 4220 525 4267 non
549 4196 729 4292 ingenuus
755 4192 897 4265 candor
923 4214 1119 4289 moresque
1145 4181 1282 4287 pudici,

325 4490 361 4540 V.
377 4493 437 4542 1³4.
449 4491 521 4540 Edit.
534 4484 634 4540 venet.
653 4503 702 4552 pro
715 4492 798 4540 mihi
819 4491 1001 4539 scandere
1017 4488 1036 4537 1.
1057 4482 1249 4536 conscendere.

325 4606 361 4655 V.
390 4609 438 4657 172
451 4607 480 4655 in
498 4606 571 4656 Edit.
589 4603 687 4655 venet.
704 4604 883 4654 desideratur.

325 4717 360 4767 V.
378 4720 437 4770 lte.
455 4719 505 4769 Ed.
521 4719 619 4768 venet.
640 4730 688 4779 pro
706 4717 891 4786 ingenuus
903 4716 1003 4766 habet:
1023 4711 1171 4776 virgineus.
