3634 5667
294 492 365 575 '10'
767 490 1015 566 statu
1062 495 1146 592 1„

217 675 225 684 ,
300 690 504 791 Respirant
525 687 811 790 paulum-dum
834 688 937 761 lenia
952 687 1104 789 ,frigora
1128 704 1282 792 captant
1289 719 1302 786 3

300 817 361 890 Ex
383 811 584 910 improviso
611 808 734 907 (dictu
755 809 946 909 mirabile)
978 827 1081 884 mota
1426 829 1499 897 225

300 932 476 1007 inclinari
499 930 612 1005 arbos
638 956 663 1002 a
686 947 813 1029 tergo,
840 948 879 1003 et
901 929 1054 1004 flectere
1081 957 1224 1006 summa
1349 941 1353 964 ¹
1486 923 1487 928 ἵ

297 1054 490 1145 culmina,
516 1051 673 1126 detortis
697 1051 884 1126 invertens
909 1050 1065 1124 brachia
1089 1033 1251 1126 truncis:

300 1175 410 1275 Quod
436 1176 545 1249 simul
569 1199 617 1248 ae
641 1174 778 1263 sensit,
806 1172 911 1272 (uam
934 1172 1065 1272 pronis
1088 1170 1285 1247 frondibus
1305 1161 1419 1275 'ipsps

214 1281 218 1290 ¹
298 1298 382 1371 Jam
405 1299 548 1371 Mariae
572 1296 747 1396 attigerat
771 1295 893 1380 crines
919 1311 957 1369 et
979 1293 1108 1368 mollia
1134 1294 1251 1393 eolla)

297 1421 472 1492 Extimuit
497 1417 641 1508 subito,
666 1414 877 1518 pressitque
902 1414 951 1488 ad
976 1432 1132 1515 pectora
1158 1433 1298 1508 notum,
1426 1429 1499 1499 250

298 1539 568 1640 conversisque
592 1557 749 1640 repente
778 1537 896 1610 oculis
923 1537 1088 1638 suspexit
1112 1538 1222 1638 opaci

299 1659 530 1762 Obsequium
555 1661 740 1750 nemoris,
766 1658 979 1760 stupuitque
1005 1659 1206 1732 tenerrima
1231 1676 1361 1736 mater.

297 1782 379 1854 Nec
404 1783 505 1859 satis.
555 1786 587 1854 E
611 1781 730 1854 curvis
755 1779 867 1853 ramis
892 1796 983 1851 nata
1009 1780 1111 1854 illico
1137 1807 1250 1882 poma

252 1977 256 1989 ,
294 1900 441 2004 §ponte
469 1902 624 1994 cadunt,
648 1928 737 2002 pars
752 1917 838 1973 ante
863 1899 993 2001 pedes,
1027 1929 1116 2003 pars
1133 1928 1287 2003 gramen
1312 1899 1497 1988 inultum,

296 2027 388 2097 Pars
413 2025 450 2096 in
469 2041 611 2124 stagna,
638 2025 815 2121 sinusque
829 2021 1190 2124 intergremiumque
1204 2022 1397 2128 resultant.
1425 2035 1496 2102 255

296 2144 538 2245 improvisum
561 2144 720 2217 imbrem
744 2130 952 2238 seuientem
977 2145 1132 2245 suspicit
1147 2146 1238 2245 ipse

296 2269 496 2339 Percussus
526 2265 757 2366 quadrupes,
784 2282 897 2364 atque
922 2264 1016 2338 ictas
1037 2267 1208 2339 concutit
1232 2289 1358 2338 aures.

296 2388 384 2487 ipsa
406 2412 518 2458 manu
544 2385 631 2460 dein
656 2403 760 2459 casta
778 2407 916 2485 parem
942 2385 1095 2460 acclinis
1122 2385 1171 2460 ad
1195 2385 1335 2460 undam
1432 2449 1436 2458 ,
1485 2447 1488 2452 Α

297 2507 488 2581 Fasciolas
511 2508 619 2608 pueri
643 2507 749 2598 lavit,
775 2507 962 2606 traxitque
988 2507 1177 2580 salubrem

299 2628 481 2703 Contactu
506 2655 550 2700 er
566 2627 634 2702 iilo
657 2628 730 2702 rim
747 2616 887 2729 postea
908 2629 1047 2702 vitreus
1071 2629 1203 2720 amnis,
1227 2674 1237 2688 ·
1358 2683 1360 2690 .
1426 2637 1498 2715 240

296 2750 406 2822 Unde
432 2750 549 2824 sacro}
565 2751 656 2824 tacti
679 2750 764 2848 igne
790 2749 943 2839 bibunt,
971 2736 1147 2849 aegrique
1174 2747 1322 2840 cameli,
1351 2834 1354 2842 Ι

296 2873 346 2942 Et
369 2871 463 2943 laesi
487 2870 617 2969 jaculis
643 2870 861 2970 abstergunt
885 2872 1039 2947 vulnera
1064 2871 1176 2946 cervi.
1228 2923 1239 2938 t

296 2994 401 3070 Haeo
422 2990 713 3091 mibinarrebat
737 2991 898 3092 ioseph:
925 3015 1085 3088 namque
1110 2989 1196 3088 ipsa
1213 2989 1375 3088 roganti,
1453 3041 1458 3062 ,

299 3114 381 3214 Quo
395 3113 544 3212 ¹fugiat,
571 3109 791 3212 pudibunda
812 3137 951 3211 parens
976 3109 1069 3208 tegit
1094 3109 1221 3180 omnia
1244 3109 1332 3180 risu.
1451 3113 1454 3124 '

295 3237 360 3324 „0
376 3261 471 3334 quae
485 3235 589 3324 mira,
611 3233 772 3334 hospes,
787 3234 989 3305 memoras!
1016 3232 1100 3328 Quo
1114 3227 1250 3302 deinde
1262 3228 1400 3332 puelle,
1427 3239 1497 3314 2ls5

297 3357 583 3456 „Quo‘zgressus
607 3353 808 3455 peregrine
831 3351 942 3425 tulit?
968 3378 1129 3451 namque
1152 3351 1280 3425 abdita
1309 3376 1463 3450 prorsus

297 3481 523 3576 „Nunquam
549 3475 641 3548 alias
660 3474 788 3546 audita
811 3472 973 3546 resers.“
1021 3472 1205 3563 „Prooul,
1231 3472 1353 3574 inquit
1368 3472 1501 3559 J'onas',

297 3599 480 3697 „Excepit
505 3596 700 3696 Memphis,
726 3595 909 3695 Memphis
937 3593 997 3666 eui
1020 3594 1175 3670 moeniav
1194 3609 1343 3666 centum
1424 3605 1427 3612 '

295 3718 474 3808 „Circum
504 3734 630 3790 emant
654 3715 796 3804 stadiis,
825 3715 961 3790 aeratis
983 3715 1155 3814 undique,
1171 3714 1290 3817 portis

297 3842 474 3931 „Peri-ia,
506 3835 788 3940 pensilibusque
812 3836 951 3925 hortis,
978 3853 1015 3910 et
1039 3836 1220 3927 turribus,
1246 3836 1344 3906 inter
1425 3844 1506 3914 250,

220 4015 224 4022 -
296 3961 487 4049 „Niliacas
513 3959 646 4049 urbes,
671 3958 780 4032 terris
807 3956 1053 4033 celeberrime
1076 3957 1179 4032 Eois.

296 4085 395 4171 „Hic
420 4109 508 4155 vero
535 4079 699 4152 exulibus
725 4078 862 4152 nostris
889 4076 1076 4151 conducta
1091 4102 1218 4178 prope
1243 4099 1391 4148 emnem

176 4254 177 4259 =
297 4201 635 4293 „aedicularum
658 4200 790 4291 urbem
812 4198 1036 4293 laetissima,
1062 4222 1224 4296 ¹namque
1250 4193 1424 4270 fenestris

297 4329 356 4412 „E
382 4325 539 4423 geminis
564 4323 709 4412 Nilum,
733 4344 919 4419 supraque
944 4320 1119 4420 infraque
1144 4334 1311 4392 meantes

297 4445 563 4544 „Prospiciunt
585 4460 665 4516 toto
692 4467 800 4514 amne
825 4457 944 4530 rates,
970 4440 1104 4514 solatia
1126 4439 1253 4512 ¹iassae

299 4613 335 4667 V.
354 4614 406 4665 tto
423 4618 453 4667 et
468 4615 520 4668 88!
539 4611 612 4666 Edit.
630 4610 731 4666 Vmi-
750 4608 861 4664 omittit.
