3634 5667
324 499 399 639 isi
776 552 1019 629 utana
1068 507 1132 627 vt.

226 849 229 858 Ι
325 746 539 839 Pantheris,
562 746 686 839 lesse,
712 762 825 846 atque
848 746 981 849 ingens
1006 750 1106 825 aenis
1131 749 1306 824 Abrahae
1331 751 1468 854 imago,

323 871 493 969 Isacique
516 868 570 969 pii
594 893 679 943 sera
703 866 751 939 de
775 867 890 969 stirpe
915 888 1093 971 nepoteat
1443 890 1520 959 280

324 989 498 1065 Vestibus
523 990 561 1063 in
585 988 701 1064 niueis
727 1012 857 1063 omnes
881 988 1041 1093 oleaque
1064 993 1208 1085 virenti,

321 1114 370 1183 Et
393 1136 542 1211 semper
565 1109 646 1186 vivo
666 1102 828 1183 redimiti
854 1128 1026 1212 tempora
1049 1106 1155 1191 ssore'.

364 1222 372 1314 ζ’
422 1234 507 1307 Una
530 1256 660 1305 omnes
685 1230 834 1305 subiere
859 1232 981 1305 aulam
989 1258 1132 1333 ,=qnae
1157 1233 1316 1307 maxima
1340 1252 1442 1309 tecto

322 1354 415 1462 Sese
441 1354 561 1455 aperit
582 1350 719 1426 medio.
771 1352 995 1453 Crystallina
1020 1353 1174 1455 pensilis
1199 1354 1330 1454 ingens

279 1498 284 1507 ’
319 1467 542 1573 Tergemina
566 1473 716 1575 effulget
739 1472 883 1576 lampas
893 1527 905 1566 ,
932 1493 1153 1576 centumque
1178 1476 1341 1551 minores
1443 1489 1515 1560 285
1550 1462 1557 1465 ”

318 1568 417 1686 Aire
443 1594 677 1696 dependente
701 1613 905 1695 aurataque
930 1596 1085 1671 brachia
1108 1589 1222 1696 longo

321 1715 461 1791 Oidine
486 1736 693 1792 sustentant
719 1719 893 1791 ardentes
918 1703 1084 1821 undique
1110 1744 1230 1793 ceras.

415 1829 486 1913 iiie
511 1840 750 1940 acies'pictae
775 1839 1011 1935 innumerae,
1038 1858 1076 1915 et
1091 1866 1199 1941 seges
1215 1865 1350 1941 aspera
1361 1839 1515 1932 Martis,

316 1960 416 2032 Aere
441 1986 570 2059 graves
597 1960 763 2060 equites,
788 1960 919 2035 hastae
945 1960 1150 2062 galeaeque
1177 1978 1387 2053 comantes,

315 2083 364 2151 Et
388 2079 530 2180 clypei,
556 2098 670 2182 atque
694 2106 843 2155 omnem
862 2083 1113 2155 sacerhorror
1128 2083 1259 2155 circuit
1278 2080 1412 2154 aulam.
1441 2094 1514 2164 290

316 2198 469 2271 Scilicet
493 2200 532 2271 in
556 2202 678 2276 dirum
702 2207 858 2277 Puerum
886 2202 978 2303 Styx
1004 2202 1119 2275 effera
1144 2218 1329 2304 quotquot

313 2318 503 2393 Eductura
528 2322 618 2395 olim
642 2322 758 2397 furias
783 2323 1049 2423 horrentiaque
1076 2350 1180 2397 arma

314 2437 475 2513 Cernere
501 2461 601 2536 erat,
629 2445 827 2547 pictosque
852 2443 968 2516 duces
995 2462 1031 2516 et
1056 2444 1169 2518 fortia
1194 2442 1295 2516 facta

312 2560 590 2661 Magnanimum
614 2567 797 2657 Heroum,
823 2585 1064 2668 pugnataque
1089 2567 1128 2637 in
1153 2564 1286 2637 ordine
1311 2561 1424 2635 bella.

310 2680 407 2753 Hinc
432 2682 670 2760 Constantini
691 2687 823 2761 labara
848 2686 1072 2759 exundantia
1096 2687 1235 2781 ventis,
1440 2697 1512 2765 295

309 2935 344 2989 V.
364 2940 425 2991 979.
444 2938 638 2990 Pantheris
656 2940 675 2990 i.
696 2953 722 2989 e.
741 2941 897 3002 cantherini
912 2940 1039 3009 hominis,
1058 2940 1104 3004 qui
1113 2940 1201 2991 variis
1210 2939 1317 2991 artibus
1329 2940 1358 2989 et
1374 2935 1446 2988 dolis
1454 2937 1515 3002 agit

449 3029 549 3095 (Piaat
563 3031 642 3092 itpii.
661 3033 688 3096 1,
698 3033 724 3099 t,
735 3032 790 3095 19).
808 3034 923 3084 Jacob
935 3035 1093 3095 patriarcha
1105 3033 1328 3097 subintelligitur,
1342 3031 1388 3094 qni
1408 3030 1514 3081 lsaec

444 3124 552 3185 patrem
568 3121 631 3171 dolo
646 3122 728 3190 cepit,
746 3120 833 3188 utjns
851 3126 1026 3191 primogeniti
1042 3126 1191 3188 acciperet.
1221 3126 1289 3177 Gen.
1309 3125 1353 3174 27.

481 3211 600 3264 lesse.
620 3214 678 3266 Cir.
696 3215 719 3281 l,
738 3217 800 3267 204.

463 3307 588 3359 Abram
600 3306 692 3372 (pater
700 3302 849 3373 excelsus),
868 3307 966 3357 deinde
977 3308 1154 3358 Abraham
1181 3305 1271 3371 (peter
1285 3316 1448 3357 numerosae
1464 3318 1512 3357 se-

367 3456 374 3468 ·
444 3396 527 3463 bolis)
546 3401 646 3467 dictus,
664 3399 737 3449 iilius
757 3401 844 3451 There
863 3395 1004 3465 (Therai),
1024 3402 1052 3448 et
1067 3399 1151 3449 animi
1167 3401 1287 3450 candore
1308 3402 1336 3449 et
1348 3399 1452 3462 pietate
1469 3399 1513 3447 in-

445 3491 542 3557 signis.
579 3493 647 3543 Gen.
668 3494 701 3543 ts
719 3504 778 3555 sqq.

303 3602 338 3653 V.
357 3604 409 3656 284
423 3607 452 3655 et
469 3606 531 3657 tea.
544 3602 618 3656 Edit.
634 3602 734 3655 Venet.
751 3604 838 3671 legit:

480 3696 548 3746 Sese
570 3695 660 3757 sperit
678 3697 778 3747 medio.
802 3695 919 3747 Centum
948 3693 1110 3758 crystallina
1126 3692 1236 3758 lychnis

480 3788 596 3838 Pensiits
619 3788 732 3853 effulget
749 3790 864 3850 lampas.

303 3877 338 3945 V·
358 3879 419 3929 ²89·
437 3881 531 3930 Mare
555 3876 669 3959 (Ἄρης)
690 3906 714 3942 s.
728 3894 851 3959 Mavors,
869 3890 942 3944 iilius
949 3889 1030 3943 Jovis
1044 3894 1073 3942 et
1081 3890 1303 3958 imonis,.Deus
1311 3886 1378 3941 belii
1384 3900 1509 3951 praeses.

302 3979 337 4030 V.
365 3982 617 4048 291.1tyx.111,
642 3985 704 4035 112.
908 3977 911 3981 ’

303 4082 337 4132 V.
357 4084 418 4135 295.
443 4084 618 4134 Lanarum
637 4068 671 4150 (a
690 4066 835 4154 λάφυρον,
855 4082 973 4137 exuviae
990 4085 1062 4137 hosti
1074 4082 1140 4135 vivo
1147 4086 1301 4151 detractae,
1319 4062 1511 4147 sivealq'ilsu,

446 4167 541 4253 λάβω,
559 4185 662 4255 capto),
669 4189 801 4239 vexillum
812 4188 931 4239 militare
940 4198 1008 4239 auro
1023 4188 1191 4253 gemmisque
1207 4185 1352 4253 intextum,
1363 4186 1511 4236 erethaste

440 4279 534 4347 longa,
560 4289 578 4328 a
597 4291 652 4342 qua
672 4281 813 4343 pretiosus
828 4294 935 4346 pannus
949 4293 1012 4331 cum
1023 4280 1200 4341 imperatoris
1219 4278 1338 4343 imagine
1362 4276 1509 4338 pendebat.

438 4370 510 4421 linio
525 4370 791 4425 constantinus
807 4377 845 4425 Μ.
864 4386 995 4427 coronent
1017 4372 1147 4434 inposuit
1160 4384 1222 4421 cnm
1253 4382 1336 4420 cruce
1370 4371 1399 4418 et
1420 4368 1510 4419 literis

437 4461 591 4515 initialibus
606 4463 724 4514 nominis
741 4465 830 4516 Jesn
848 4464 1014 4529 Christi,
1040 4464 1113 4526 quod
1138 4467 1234 4514 contre
1251 4462 1418 4513 Maxentium
1437 4472 1508 4524 pug-

436 4569 551 4617 naturus
567 4576 677 4615 crucem
687 4564 717 4615 in
729 4566 795 4617 uere
812 4579 874 4617 cnm
887 4568 981 4618 verbis
999 4550 1029 4616 ἐν
1047 4547 1141 4633 τούτῳ
1162 4545 1227 4617 tina
1247 4566 1371 4617 vidisset.
1381 4563 1440 4615 Cir.
1451 4562 1511 4612 En-

438 4659 497 4710 na.
515 4656 566 4708 vn
584 4639 728 4709 comunt.
740 4656 764 4723 t,
783 4659 865 4733 as·
876 4661 920 4711 su
