3634 5667
692 635 930 718 LIBER
971 638 1032 709 111.

254 839 335 907 'I'er
351 833 456 935 lapsa
481 827 691 906 ad'terram
715 830 834 904 nubes
860 829 1033 930 Cocytia,
1049 810 1197 933 qturmas

253 961 467 1057 Exceptum
491 979 625 1028 novas:
651 979 738 1025 nam
761 952 900 1053 passim
926 975 947 1022 e
971 942 1123 1053 rupibus
1146 952 1239 1046 illis,

258 1072 294 1148 E
318 1098 512 1146 nemorum
537 1072 710 1163 latebris,
737 1097 758 1143 e
784 1073 994 1173 quercubus
1021 1091 1132 1174 atque
1157 1075 1322 1178 cauernis

257 1196 454 1296 Cornigeri
480 1195 618 1295 egressi
643 1194 734 1266 socii
759 1191 859 1265 bella
885 1219 1064 1293 armaque
1089 1213 1261 1295 poscunt.
1312 1247 1315 1251 -
1382 1213 1451 1290 310

256 1321 400 1391 Noctes
425 1335 535 1416 atque
560 1314 639 1385 dies
664 1315 693 1386 it
717 1313 907 1388 flammeus
933 1312 1083 1386 aethere
1107 1316 1217 1389 turbo

256 1437 495 1528 Horrendus,
520 1435 703 1534 terrisque
728 1434 894 1506 minans:
919 1434 1068 1534 lateque
1092 1461 1161 1535 per
1188 1422 1316 1510 omnes

262 1559 429 1635 iudaeae
455 1557 546 1629 fines
572 1555 711 1656 sparsis
737 1579 777 1625 se
802 1553 967 1627 turbinat
990 1555 1072 1636 alis.

256 1681 389 1751 Donec
412 1695 469 1749 ter
495 1677 635 1750 circum
660 1675 759 1774 gyris
785 1674 996 1772 ingentibus
1025 1694 1129 1751 actus

242 1800 336 1870 'Ter
360 1824 474 1870 rauco
501 1797 628 1869 accitis
655 1794 766 1867 sociis
794 1796 1000 1894 agrestibus
1027 1823 1104 1888 ore,
1381 1805 1452 1873 315

256 1921 300 1989 ln
326 1935 504 1989 montana
527 1915 682 1988 Abarim
705 1940 887 2016 praeceps
913 1917 1013 1989 cadit
1021 1941 1032 2006 3
1059 1935 1170 2017 atque
1195 1916 1247 1989 ibi
1273 1929 1456 2014 quotquot

261 2036 455 2126 Vallibus,
483 2053 521 2108 et
546 2035 664 2106 sterili
688 2035 726 2104 in
752 2034 883 2107 sabulo
906 2036 991 2110 loca
1014 2055 1118 2111 vasta
1141 2036 1331 2125 tenebant,

258 2157 427 2230 Accolae
453 2156 654 2231 Avernales
681 2171 881 2228 occurrunt
904 2157 1068 2256 undique
1092 2161 1238 2248 Mormi,

261 2277 451 2350 Obscoeni
476 2277 645 2376 Triptes,
672 2276 817 2375 Aquili,
843 2279 1014 2369 Lamiae,
1039 2279 1331 2377 Eurynomique,

260 2396 509 2496 Lucifugiquc
536 2397 598 2468 alii
613 2396 814 2486 innumeri,
840 2415 878 2468 et
902 2399 1004 2472 socia
1021 2400 1167 2498 agmina
1189 2399 1356 2497 jungunt.
1383 2405 1453 2474 320
1511 2479 1533 2494 υ
1587 2451 1592 2458 .

357 2522 481 2607 Musa,
507 2517 597 2588 mihi
622 2516 787 2603 infernas
815 2542 922 2588 curas
946 2519 1177 2617 miserosque
1202 2516 1369 2604 labores,

259 2641 372 2710 Riras
400 2653 510 2735 atque
536 2637 616 2707 lues
645 2662 820 2727 memora,
847 2664 1069 2739 erroresque
1093 2639 1245 2726 riarum,

259 2763 305 2831 Et
331 2758 454 2830 studia
480 2772 516 2829 et
541 2783 662 2831 mores
688 2758 882 2858 insanique
908 2760 1014 2860 orgia
1039 2759 1157 2853 Ditis,

262 2881 441 2977 Quaeque
466 2875 601 2977 ¹procul
626 2878 766 2950 ratibus
791 2880 892 2951 miris
921 2879 1053 2952 delata·
1064 2905 1133 2979 per
1158 2901 1266 2950 auras

260 3000 442 3071 Extremis
468 2996 579 3069 Asiae
604 2996 713 3069 turba
739 3000 944 3074 adventarit
969 2999 1017 3072 ab
1043 3001 1139 3072 oris:
1382 3005 1452 3072 325
1508 3003 1511 3020 ’

259 3121 382 3218 thue
405 3117 535 3216 ingens
561 3119 692 3191 castris
717 3119 763 3193 lis
788 3138 889 3211 orta,
915 3138 1028 3222 utque
1058 3145 1160 3192 arma
1182 3114 1342 3191 vicissim

260 3381 292 3432 V.
315 3383 378 3433 307.
397 3377 556 3443 Cocytus
584 3364 752 3447 (Κωκυτός)
772 3384 871 3434 durius
889 3383 1064 3449 Jnferonm,
1097 3395 1113 3432 a
1137 3379 1233 3462 stygia
1254 3377 1353 3440 palude
1374 3385 1454 3424 enas-

364 3484 450 3539 cens,
470 3483 520 3535 pro
535 3473 648 3526 anemo
664 3478 784 3538 ponitur.
848 3477 853 3487 '

261 3585 293 3636 V.
308 3589 368 3639 313.
392 3586 410 3635 J
416 3586 528 3634 udaea
534 3618 545 3651 ,
569 3598 639 3649 quae
652 3590 779 3650 primitus
798 3584 963 3638 chananaea
976 3589 1005 3635 et
1017 3582 1176 3636 Palaestina
1189 3581 1339 3644 dicebatur,
1356 3574 1453 3625 stricte

361 3679 502 3742 regionem
524 3677 727 3746 complectitur,
755 3691 835 3742 quam
858 3678 946 3728 tribus
973 3676 1045 3726 Juda
1069 3676 1093 3725 dt
1117 3669 1260 3737 Benjamin
1287 3668 1452 3730 incolebant,

363 3769 446 3819 latius
459 3778 526 3817 vero
540 3767 573 3815 dc
594 3769 665 3818 omni
680 3770 838 3821 Palaestina
858 3771 1013 3832 usurpatur.
1031 3765 1089 3820 (dr.
1103 3766 1162 3816 Jos.
1183 3764 1246 3814 bell.
1258 3758 1317 3826 jud.
1334 3760 1451 3824 111.3,5.

263 3880 295 3932 V.
317 3884 378 3936 316.
400 3881 544 3931 Abarim
563 3883 626 3930 sunt
650 3868 756 3943 montes'
784 3884 855 3934 citra
880 3883 1047 3950 Jordanem,
1073 3889 1266 3944 quorumnam
1291 3873 1380 3940 Nebo,
1406 3868 1453 3920 ubi

362 3976 483 4023 Mosesa
502 3973 561 4022 vita
586 3974 713 4025 decessit.
748 3975 828 4024 Num.
846 3978 948 4043 33,11.
967 3974 1047 4023 Dent.
1065 3973 1109 4038 33,
1127 3971 1171 4024 49.

264 4094 295 4147 V.
310 4100 371 4149 318.
389 4099 512 4151 Morini
531 4081 683 4165 (μορμών)
707 4073 814 4149 formae
828 4101 983 4165 terrentes,
1001 4098 1120 4158 spectra.

264 4217 299 4269 V:
309 4224 369 4274 313.
393 4223 539 4284 {tristes
568 4209 698 4293 (τρίπτης
719 4238 736 4277 a
755 4207 861 4290 τρῖβω)
886 4220 1022 4271 hominnm
1044 4218 1192 4269 vexatores
1218 4211 1242 4260 dt
1273 4205 1449 4257 cruciatores.
1523 4259 1531 4278 .

355 4325 486 4387 'Aquili
509 4325 528 4375 i.
552 4340 577 4390 q.
601 4328 683 4394 fusci,
714 4327 784 4391 nigri
812 4325 872 4377 scil.
892 4324 1112 4374 cacodaemones.
1149 4313 1294 4367 Lamiae
1319 4288 1449 4372 (λάμιαι)

361 4418 503 4467 veneticae
522 4419 651 4470 mulieres
676 4417 719 4484 (tr.
738 4419 757 4468 l.
772 4413 1101 4476 cacodaemones),
1131 4421 1201 4472 quae
1225 4404 1346 4456 infantes
1361 4403 1389 4450 et
1402 4399 1451 4450 ad-

363 4519 518 4570 olescentes
541 4523 720 4575 devorabunt.
755 4519 822 4570 Hor.
842 4521 875 4568 A.
895 4518 924 4566 P.
956 4518 1015 4568 343.
1051 4508 1259 4578 Eurynomi
1287 4509 1335 4568 (ab
1361 4484 1451 4570 otiosis

364 4626 388 4674 dt
404 4607 510 4690 niueis)
537 4624 596 4675 late
609 4625 774 4687 imperantes
785 4624 811 4671 ir.
824 4621 843 4670 1.
859 4619 932 4683 genii
944 4616 1019 4668 mati.
1031 4615 1066 4683 11,
1081 4621 1123 4667 15.

266 4709 297 4760 v.
315 4715 372 4767 aaa.
385 4717 490 4771 Ditis.
528 4699 589 4784 cn.⁸
605 4717 628 4782 1,
643 4719 693 4770 sa.¹

1191 4717 1335 4875 μ.
