3634 5667
300 544 429 646 Ι100
596 631 607 656 f
804 536 1166 611 LIBERVIH.

345 737 449 835 Quae
473 707 667 835 praesente
678 731 824 808 aderas.
875 732 940 806 Sie
966 735 1041 809 visa
1065 735 1104 807 in
1128 733 1212 806 luee
1237 733 1399 834 maligna
1426 760 1466 808 es

346 854 526 928 Omnibus
551 852 682 926 obtutu
706 872 813 927 terro
836 873 873 928 et
897 854 1109 955 palearibus
1134 856 1306 946 horrens,
1470 872 1540 939 180

343 975 445 1047 Pelle
465 978 593 1075 nigra,
620 992 731 1075 atque
756 977 831 1051 ima
854 1004 1005 1053 verrens
1030 976 1182 1075 vestigia
1199 973 1329 1049 cauda.

344 1088 499 1170 Centum
521 1096 610 1170 illue
641 1097 746 1198 digiti
768 1099 918 1188 intenti,
945 1116 1093 1173 eentum
1118 1120 1259 1194 eraque
1284 1120 1391 1171 versa

340 1221 372 1289 Ε
400 1217 549 1292 summis
571 1216 703 1311 tectis,
729 1244 750 1290 e
774 1220 936 1293 turribus
963 1215 1254 1315 arheribusque3

344 1338 636 1437 Signantumque
661 1338 792 1439 ingens
818 1338 984 1412 sublatus
1010 1340 1151 1413 elamor
1177 1335 1222 1410 ad
1251 1354 1362 1413 astra.

339 1461 427 1559 lpsa
450 1459 554 1559 prior
578 1458 686 1549 vidit,
712 1460 864 1561 visuque
891 1460 1065 1532 exterrita
1090 1474 1229 1548 mater,
1466 1475 1534 1542 185

339 1578 506 1651 Portenti
530 1578 680 1678 ignara:
705 1584 764 1652 En
788 1579 912 1671 robis,
939 1606 987 1653 en
1011 1580 1176 1669 victima,
1201 1577 1311 1667 eires,

340 1702 440 1774 Ante
465 1698 613 1787 ocules,
638 1700 777 1799 inquit,
804 1700 913 1773 sertis
940 1718 977 1771 et
993 1700 1084 1773 flere
1109 1700 1284 1789 revincta,

341 1820 482 1920 Sponte
508 1836 639 1919 petens
666 1845 764 1898 aras.
817 1819 935 1891 Simul
959 1823 1073 1909 haee,
1109 1818 1217 1890 simul
1243 1815 1377 1906 effera,
1418 1844 1534 1891 cornu

340 1941 424 2038 (Sie
446 1940 545 2039 rata)
573 1939 762 2039 corripuit.
811 1942 892 2013 Nee
918 1942 1067 2039 segnior
1092 1940 1173 2040 ipse
1198 1938 1388 2010 timentem

337 2062 454 2162 Urget
478 2085 592 2172 agens
616 2059 806 2159 Helymus.
857 2062 1001 2135 Medios
1027 2062 1197 2160 interque
1223 2059 1396 2133 tumultus
1463 2078 1532 2147 190

337 2186 544 2280 Erumpens
570 2179 688 2251 tenuit
712 2180 833 2272 lanio,
856 2182 1119 2282 'obseuraeque
1143 2180 1324 2253 tabernae

336 2307 434 2395 Ante
457 2302 559 2375 feres
582 2301 693 2373 traxit
715 2302 830 2375 multa
855 2305 1062 2377 exundante
1088 2318 1235 2375 caterva

337 2425 632 2522 Circumquaque
656 2422 786 2502 virum.
836 2426 919 2497 Jam
945 2425 1073 2499 vulnus
1098 2424 1168 2495 rite
1193 2420 1352 2523 parabat

335 2549 518 2618 Mactatur
542 2542 664 2621 ferus:
688 2548 787 2617 Ecce
814 2563 937 2620 autem
963 2546 1049 2618 dum
1074 2544 1228 2616 brachia
1254 2544 1368 2616 nudat

333 2667 481 2766 Vagina
505 2665 695 2739 exsolvens
721 2664 898 2756 cultrum,
925 2666 1012 2738 dum
1037 2682 1156 2738 testea
1180 2688 1268 2738 vasa
1458 2680 1529 2748 195

334 2787 546 2885 Subjieiunt
570 2785 633 2858 alii
659 2784 817 2859 calidum
843 2805 1042 2887 exceptura
1067 2810 1278 2879 eruerem3·

332 2910 415 2979 Heu
439 2907 568 2995 matri,
592 2908 665 2979 heu
690 2932 848 3007 sponse,
875 2907 923 2980 de
949 2907 1038 2981 sede
1064 2904 1249 2979 tuentibus
1276 2905 1351 2977 alta

333 3028 456 3101 Triste
480 3026 743 3121 ministerium,
769 3027 916 3100 sublata
939 3029 1085 3127 utrique
1110 3045 1265 3127 repente
1291 3042 1348 3100 est
1442 3007 1452 3015 ’

331 3152 387 3222 Ex
409 3145 526 3220 oeulis
551 3135 669 3218 nubes
694 3147 857 3245 magica:
885 3165 922 3219 et
947 3165 1072 3219 natam
1096 3147 1158 3221 illa
1184 3164 1416 3242 trementem,

330 3274 378 3341 Et
395 3266 638 3368 spensamhie
646 3265 830 3356 miseram,
856 3266 1057 3367 pallentem
1067 3286 1185 3339 morte
1201 3270 1425 3369 propinqua,
1454 3282 1524 3351 200

328 3389 635 3489 Tendentemque
659 3413 810 3477 manus,
837 3404 875 3459 et
899 3386 1024 3459 sidera
1045 3414 1137 3463 voce
1163 3389 1323 3464 cientem
1442 3476 1453 3485 “

328 3511 460 3584 Infelix
484 3510 590 3586 viditt
615 3509 780 3607 reliques
801 3508 900 3582 idem
928 3529 1087 3609 occupat
1112 3536 1217 3582 error

325 3636 374 3704 Et
398 3631 541 3732 speeies
566 3628 720 3702 mentita
743 3630 857 3730 prior.
907 3629 996 3704 Ruit
1019 3628 1139 3705 exeita
1162 3630 1336 3704 monstris

323 3754 396 3829 Per
419 3751 563 3823 medies
589 3750 788 3822 furibunda
813 3778 950 3851 parens
958 3805 969 3840 ,
995 3769 1050 3840 te,
1078 3752 1247 3838 nemine,
1274 3753 1437 3823 Thamar

325 3868 1424 3974 (Namquealiudquidagat‘i),te,-gnata,heuvietimaDitis‚
1451 3885 1521 3956 205

321 4078 357 4129 V.
378 4081 429 4133 tat
448 4085 478 4135 et
495 4082 557 4133 188.
573 4082 647 4131 ttett.
666 4082 790 4134 Venetas

531 4170 647 4223 Centum
664 4173 731 4223 illue
747 4173 829 4240 digiti
846 4173 958 4241 intenti,
978 4184 1166 4236 conversaque
1185 4176 1293 4225 erutum

331 4327 340 4340 μ
479 4273 482 4279 ·
531 4264 658 4315 Pretium
674 4277 692 4313 e
710 4266 811 4329 tectis,
830 4278 846 4316 e
864 4266 977 4316 sunnis
995 4266 1116 4316 tuntum
1134 4276 1192 4316 eta.

319 4349 354 4400 V.
375 4353 427 4405 184
445 4353 474 4403 in
492 4353 564 4404 Fuit.
582 4356 681 4405 venet.
700 4369 754 4406 nen
770 4357 917 4418 reperitur.

315 4439 355 4491 V·-
373 4446 433 4497 190.
452 4444 525 4495 Edit.
544 4445 669 4495 Veneta:

526 4536 614 4601 Urget
629 4545 715 4602 agens
732 4537 875 4601 Helymus.
915 4541 1034 4591 Medium
1052 4554 1133 4605 quun
1162 4541 1278 4605 dentque
1294 4540 1394 4605 vulgus

524 4627 561 4678 Vi
579 4641 706 4693 rumpere
725 4662 733 4680 .
752 4662 788 4680 ..
856 4637 858 4640 “
