3634 5667
271 586 344 663 1⁶4
615 588 648 625 ν
709 509 1057 646 uiuenti.

271 767 402 872 'Atque
427 766 556 844 audire
582 767 639 841 sui
663 782 768 840 certa
791 788 1007 869 argumenta
1026 766 1170 873 ‘Puelli3

282 890 443 991 Singula
460 915 531 961 nec
556 888 658 978 linis,
683 914 782 961 nuuc
807 890 902 964 h'aec
928 905 1025 963 nunc
1050 891 1116 963 illa
1139 890 1309 989 rogandi.

285 1014 363 1087 Sed
387 1038 464 1086 non
487 1010 589 1083 ferre
612 1034 756 1108 moram
781 1012 931 1089 seniora
957 1014 1132 1107 Vos‘ite,
1153 1012 1346 1103 monebat,
1420 1036 1424 1045 ¹·

281 1138 378 1209 Dum
402 1132 581 1234 permittit
605 1130 726 1202 adhuc
752 1130 810 1203 sol
835 1130 944 1205 altior
970 1130 1051 1210 axe.
1102 1132 1257 1228 Cavete,
1319 1134 1320 1139 ’
1354 1136 1357 1143 “

284 1260 381 1331 Nam
407 1256 441 1327 si
463 1251 614 1353 quando
638 1274 813 1354 unquam!
828 1253 960 1355 rapido
989 1280 1030 1328 se
1048 1254 1198 1354 gurgite
1222 1262 1372 1353 torquet
1393 1264 1490 1333 ,230

222 1410 232 1445 t
285 1378 409 1451 lmhre
436 1374 550 1469 Cison
574 1390 758 1447 nocturno
784 1391 932 1465 anetus,
955 1378 1024 1475 'qui
1048 1374 1199 1473 flumine
1225 1373 1407 1448 oberrans

285 1500 382 1572 Hine
406 1520 552 1569 rursum
575 1494 779 1567 tranandus
805 1495 875 1567 erit
883 1523 896 1590 3
923 1522 997 1569 neu
1020 1496 1121 1569 fidite
1145 1498 1265 1597 ponti.

285 1618 396 1693 Haud
418 1615 551 1718 procul
575 1616 633 1688 ad*
646 1616 805 1688 stadium
827 1632 937 1690 tenso
961 1644 1027 1690 vos
1055 1616 1338 1715 cimbula·fune

286 1736 535 1831 Transvehet3
562 1734 648 1808 inde
674 1736 797 1830 ferent
821 1737 909 1810 trito
934 1738 1088 1836 vestigia
1113 1738 1220 1818 calle,

287 1862 354 1935 His
375 1859 497 1931 laetae
523 1856 668 1930 indiciis
692 1876 829 1930 matres
854 1856 977 1933 divina
992 1878 1180 1953 ,canentes
1413 1866 1489 1939 235

290 1979 459 2053 Detersis
470 1970 646 2050 'lacrimis
671 1976 777 2051 ibant
785 2008 797 2074 3
824 2006 893 2052 eeu
918 1979 1088 2056 roscidus
1114 1990 1180 2053 air

291 2102 383 2175 Cum
405 2099 504 2171 liber
525 2098 657 2199 pluviis
681 2098 768 2171 hinc
794 2099 912 2172 solem
935 2122 1042 2205 parte
1069 2126 1203 2175 serena

290 2221 482 2321 Explicat,
507 2218 594 2291 hinc
617 2218 898 2319 pictumfuscis
925 2222 971 2295 de
997 2223 1157 2297 nubibus
1184 2248 1325 2299 arcum.
1427 2218 1430 2227 ’

375 2345 590 2440 -Postquam
616 2339 758 2414 animos
783 2366 870 2415 vero
896 2368 987 2415 cura
1012 2346 1102 2418 satis
1127 2345 1190 2416 ille
1215 2344 1367 2430 levarat,

295 2464 467 2538 Protinus
492 2460 579 2533 hinc
604 2460 759 2558 geminis
783 2462 907 2557 nitens
933 2490 974 2537 se
1000 2465 1146 2540 sustulit
1171 2464 1240 2538 alis
1418 2465 1493 2545 240

295 2580 569 2661 Obscurum'in
591 2579 735 2672 lucum,
761 2608 836 2682 quo
859 2602 1011 2657 noctem
1036 2603 1208 2686 exegerat
1234 2608 1381 2656 omnem

293 2706 470 2779 Turhiuis
495 2719 580 2775 acta
600 2718 701 2773 metu
724 2722 949 2804 partesque
974 2706 1121 2778 silentia
1145 2732 1266 2807 nuper
1305 2703 1310 2712 x

291 2824 426 2901 Infelix
450 2828 566 2925 Agar,
615 2824 804 2923 Peregrini
829 2826 989 2927 insignia
1012 2828 1107 2899 mira
1357 2822 1360 2833 '

295 2949 424 3047 Aliger
449 2946 640 3034 induerat,
661 2945 771 3043 'queis
796 2948 927 3030 territa
951 2948 1115 3047 nympha
1140 2964 1295 3046 repente
1322 2961 1394 3021 estt

297 3070 469 3166 Namque
495 3068 668 3137 humeros
694 3065 833 3139 exomis
858 3032 938 3139 obit
962 3070 1107 3139 taurina
1133 3068 1284 3139 marinis
1421 3073 1493 3149 245

295 3188 442 3260 Assntis
469 3186 655 3280 cochleis3
680 3186 729 3258 ad
753 3203 900 3258 tornum
926 3186 1058 3258 hastile
1083 3203 1276 3286 peractum

297 3311 438 3381 Dextra
462 3307 557 3407 gerit
565 3332 579 3403 3
604 3304 730 3378 medio
755 3307 878 3380 vincta
902 3308 1031 3379 haeret
1057 3309 1204 3380 sarcina
1230 3325 1362 3405 tergo..

298 3431 427 3503 Piceni
451 3428 572 3530 qualis
598 3426 666 3529 sub
693 3428 773 3500 sole
798 3427 915 3500 viator
939 3427 978 3499 in
1005 3428 1101 3525 agris

298 3551 495 3653 Virgineus
521 3550 633 3623 aedes
658 3566 885 3621 transvectas
910 3548 1003 3620 Itala
1027 3549 1066 3619 in
1089 3572 1176 3622 arva

299 3670 577 3743 Pulverulentus
603 3664 679 3743 adit
686 3698 700 3767 5
726 3669 793 3741 tali
818 3667 886 3742 sub
912 3670 1071 3767 imagine
1099 3694 1180 3741 sese
1424 3675 1495 3741 250

301 3790 445 3865 Obtulit
469 3792 506 3862 in
533 3795 696 3893 speeiem
720 3790 843 3879 flenti,
870 3814 1075 3887 causasque
1100 3788 1274 3888 poposcit
1283 3814 1296 3880 3
1400 3778 1406 3787 ¹

299 3910 409 3983 Unde
435 3909 545 3983 domo
573 3931 779 4002 errantem,
806 3936 901 4011 quae
929 3934 1032 4000 sors,
1061 3910 1186 4008 quisve
1213 3908 1329 4007 egerit
1365 3902 1498 3978 error?

303 4116 339 4168 V.
359 4119 425 4188 att,
441 4116 555 4177 ¹(ileon.
574 4121 609 4187 11,
630 4126 673 4174 to.
1116 4172 1119 4181 ,

304 4210 339 4260 V.
359 4212 420 4262 24³·
440 4211 511 4261 nuit.
528 4211 620 4263 Venit.
640 4228 689 4276 pro
708 4207 840 4265 infelix
856 4213 876 4264 l.
895 4216 1058 4265 errabunda.

304 4302 340 4354 V.
359 4304 421 4357 tta.
440 4304 612 4353 Picenum·
627 4307 662 4355 ad
680 4319 756 4356 mare
773 4308 942 4357 Adriaticum
968 4310 1056 4374 regio,
1076 4306 1105 4356 in
1123 4294 1177 4369 qna
1193 4306 1343 4356 Lauretum
1361 4299 1503 4363 (horetto)

446 4406 508 4443 enm
532 4396 656 4445 aeuicma
682 4397 770 4456 (Casu
792 4401 885 4457 santa)
903 4412 927 4448 a.
947 4396 1089 4465 virginii,
1112 4400 1148 4450 ad
1166 4409 1247 4461 quam
1272 4396 1352 4449 multi
1379 4394 1505 4445 viatores

446 4486 591 4550 religionis
609 4501 694 4539 causa
712 4492 857 4553 quotannis
875 4493 1049 4543 conveniunt.
1091 4484 1095 4503 '

308 4576 344 4629 Va
369 4579 430 4631 2³8.
449 4578 522 4631 Eut
541 4579 667 4630 Veneta:

519 4671 597 4723 Unde
617 4674 697 4725 domo
715 4686 784 4736 quae
802 4689 863 4727 sors
880 4676 1036 4743 profugam,
1054 4675 1152 4738 quisve
1170 4676 1259 4742 egerit
1276 4660 1375 4725 errori
