3634 5667
691 607 933 678 LlBER
982 603 1044 676 IV.
1347 607 1350 613 ⁵
1422 620 1467 688 65

273 805 371 910 Quid
396 823 538 879 tannim
561 804 684 906 potnit
706 801 814 877 vallis
839 796 989 874 deserta
1012 799 1174 874 mereri?
1271 851 1275 882 ,

271 931 370 1003 Nam
393 944 483 1028 puto
507 944 546 1000 te
572 924 733 1026 Solymis
757 940 903 1014 natam,
928 945 1042 1020 quam
1071 919 1151 993 fors
1175 919 1273 996 male
1297 929 1435 1002 nostris

271 1053 468 1121 Errantem
492 1047 679 1149 impulerit
702 1045 812 1120 terris
819 1072 833 1141 3
857 1055 937 1116 non
960 1042 1033 1127 ista
1056 1039 1201 1141 puellas
1258 1099 1259 1106 ,

272 1173 361 1242 Fert
384 1166 567 1268 siquidem
590 1168 694 1268 regio
718 1167 835 1256 tales,
860 1189 932 1236 nee
955 1160 1126 1264 parvulus
1151 1161 1221 1234 iste

273 1289 422 1388 Agresti
448 1285 495 1360 de
519 1288 740 1362 mevenit.
791 1290 888 1357 Tum
913 1283 1017 1384 regia
1040 1282 1157 1383 Virgo
1395 1299 1465 1368 125

272 1411 379 1482 More
407 1434 474 1482 suo
500 1408 686 1500 arridens,
710 1409 789 1482 risu
813 1434 888 1508 quo
915 1420 1050 1479 cuneta
1072 1420 1235 1494 serenet,

275 1531 401 1629 Quove
427 1530 531 1628 genis
558 1526 703 1602 accedit
726 1528 1000 1626 honosbvisque
1024 1550 1137 1598 aurea
1162 1523 1292 1598 dietis:

275 1650 463 1748 Ognata,
490 1677 512 1723 o
537 1667 708 1740 nostros,
734 1649 873 1748 inquit,
897 1647 1074 1720 miserata
1097 1645 1260 1737 leboreS,

275 1771 379 1869 Quae
395 1770 472 1842 tihi
494 1795 565 1870 pro
590 1771 752 1859 meritis,
778 1767 1007 1871 paupercula
1031 1785 1069 1840 et
1093 1768 1196 1868 ipse,
1222 1766 1364 1842 referre

273 1889 553 1988 Donaqueam?
578 1890 1174 1991 Siquidemnobisquoqueparra
1191 1888 1368 1988 supellex,
1396 1905 1469 1976 150

273 2013 529 2109 Assuetaeque
553 2037 684 2086 manus
710 2012 865 2084 calathis
872 2009 894 2106 3'
914 2028 1025 2109 atque
1050 2009 1111 2082 hie
1136 2009 1256 2082 bonus
1281 2009 1420 2104 infans,

275 2130 346 2231 Qui
371 2155 515 2201 meeum
540 2131 723 2229 graditur,
749 2151 888 2207 sortem
912 2130 986 2202 lert
1011 2154 1150 2228 aequus
1175 2129 1344 2212 eandem.

273 2250 478 2324 Nazarides
502 2276 646 2329 sumus:
671 2255 837 2326 Aenonis
861 2252 934 2326 nisi
959 2251 1087 2324 dissita
1111 2249 1237 2346 vallis,
1275 2303 1278 2308 ι
1369 2303 1371 2309 ,

276 2374 395 2471 Quam
417 2371 595 2473 petimus,
621 2372 786 2445 celerare
811 2372 984 2472 gradum,
1008 2371 1199 2469 solemque
1223 2373 1371 2471 praeire

276 2490 453 2592 Cogeret,
478 2491 580 2564 hand
605 2493 779 2593 equidem
800 2494 921 2592 (tanta
938 2509 994 2566 est
1017 2493 1085 2563 tibi
1102 2490 1223 2590 gratia
1247 2492 1369 2594 fandi)
1397 2513 1468 2580 155

274 2614 484 2712 Hospitium
509 2614 721 2686 abnuerem.
771 2615 843 2687 Hie
867 2613 989 2686 studio
1015 2612 1248 2711 queribunda
1270 2614 1396 2715 puella

274 2737 483 2834 Extenuare
508 2735 622 2824 viem,
650 2732 840 2834 digitoque
865 2732 1064 2807 ostendere
1093 2733 1221 2824 eolles,

274 2855 522 2953 Vicinumque
548 2878 714 2943 emnem,
742 2870 780 2926 et
803 2854 957 2927 multum
981 2879 1177 2954 superesse
1203 2853 1289 2927 diei.
1457 2867 1463 2902 ⁶
1521 2823 1529 2896 l

276 2975 498 3079 Quanquam
523 2973 634 3045 etiam
659 2992 808 3047 noctem
833 2974 948 3048 silas
973 2973 1169 3047 traducere
1193 2976 1332 3048 nostris

274 3094 463 3166 Montauis
487 3093 647 3183 leribus,
674 3120 750 3166 non
773 3095 969 3196 pauperis,
991 3094 1131 3194 inquit,
1156 3096 1267 3193 agelli
1357 3084 1360 3092 ¹
1399 3113 1472 3189 140

275 3217 452 3303 Munera,
478 3214 675 3312 quinctiles
699 3241 810 3306 uvae,
832 3215 1091 3315 melimelaque
1118 3216 1286 3308 deerunt,

274 3336 400 3432 Atque
426 3333 530 3406 olera
555 3352 593 3407 et
617 3361 746 3435 poma,
774 3354 811 3408 et
835 3335 935 3407 foliis
961 3336 1129 3410 suffultus
1153 3339 1298 3410 acernis

274 3452 471 3547 Lectulus,
499 3473 536 3527 et
561 3457 742 3557 quidquid
767 3455 872 3529 locus
899 3481 1027 3555 asper,
1054 3475 1091 3530 et
1114 3457 1237 3532 invida
1261 3460 1354 3534 votis

274 3574 476 3673 Pauperies
498 3575 634 3649 tulerit.
682 3579 779 3650 Dein
804 3574 986 3666 subdidit,
1010 3595 1051 3648 ut
1075 3604 1195 3677 prope
1221 3577 1349 3653 silvam

275 3693 450 3767 Jordanis
475 3695 568 3767 nulli
592 3695 778 3797 deprensa
801 3698 874 3768 hue
898 3723 1016 3795 usque
1041 3722 1110 3796 per
1135 3724 1242 3772 auras
1399 3712 1470 3788 145

274 3816 360 3889 Vox
384 3815 528 3887 incerta
552 3835 678 3908 sonet,
704 3817 941 3918 scopulisque
967 3834 1005 3888 et
1029 3817 1215 3892 montibus
1241 3838 1350 3894 erret.

274 3935 384 4006 Multi
408 3935 510 4008 illam
536 3936 658 4010 studio
682 3940 950 4037 nequicquam,
976 3953 1087 4035 atque
1114 3963 1201 4009 anre
1227 3943 1346 4015 secuti

277 4055 435 4156 Saepius
462 4056 688 4153 amnicolae3
714 4053 849 4132 multos
874 4085 943 4158 per
968 4057 1074 4130 devia
1096 4057 1218 4149 traxit,

274 4178 536 4280 Implieuitque
563 4203 680 4254 error.
732 4177 810 4252 Sed
834 4205 911 4252 non
935 4179 992 4250 his
1017 4179 1111 4254 Diva
1133 4180 1284 4272 moveri,

276 4449 311 4500 V.
335 4451 397 4503 121.
414 4449 486 4500 Edit.
500 4451 626 4503 Veneta:
644 4455 716 4514 Quid
730 4457 837 4508 tantum
848 4457 918 4506 haee
932 4457 1029 4518 potuit.

277 4539 312 4591 V.
330 4542 393 4593 tat.
408 4541 577 4604 solymis.
598 4543 641 4594 cf.
656 4545 679 4612 1,
697 4550 723 4600 ts
880 4544 882 4547 ’

276 4639 386 4695 V.1³³.
404 4645 524 4695 Aenon
542 4629 667 4713 (Alonis)
682 4650 748 4699 urbs
761 4662 847 4710 prope
861 4649 1010 4701 Jordanem
1018 4641 1100 4711 juxta
1114 4629 1199 4700 Satin
1220 4645 1282 4720 (IV,
1299 4656 1358 4714 48).

393 4734 452 4786 cfr.
470 4737 570 4792 Joann.
587 4742 615 4807 8,
633 4742 676 4793 2³.
692 4741 798 4794 Lndev.
815 4742 850 4792 de
864 4742 936 4792 Dieu
949 4738 1053 4794 Oritistt
1068 4753 1151 4798 sacra
1167 4753 1194 4806 μ
1209 4747 1270 4798 495.

1239 4848 1259 4913 5
