3634 5667
344 591 424 675 ,111
547 585 550 604 ’
751 580 995 671 LIBER
1044 584 1138 656 VIII.

348 786 470 860 Facta·
489 776 596 867 foro,
620 791 735 875 utque
760 776 862 850 ecies
884 790 989 853 torto
1014 779 1235 855 circumtulit
1258 807 1325 855 ore
1474 802 1544 869 130

349 905 461 977 Dicta
483 921 641 1001 percus,
665 913 706 969 ut
730 922 852 996 genua
876 897 958 971 solo
982 899 1077 973 flexo
1101 902 1264 1001 undiquc
1289 902 1380 977 vidit

348 1021 512 1099 Perfidus
520 1047 534 1114 3
559 1018 652 1089 haec
676 1016 827 1091 tandem
852 1019 965 1095 foeda
991 1023 1198 1097 execranda
1222 1023 1386 1100 Iocutus:

348 1150 429 1236 En,
463 1142 674 1216 fortunatae
698 1155 844 1236 gentes,
870 1166 918 1213 en
941 1141 1101 1243 denique
1125 1143 1258 1217 vindex

348 1262 503 1364 Antiqui
528 1257 701 1348 sceleris,
725 1261 930 1359 promissus
955 1265 1097 1339 vatibus
1123 1265 1185 1339 ilIe

341 1388 510 1470 Numine
530 1380 763 1483 progenitus,
788 1384 881 1459 votis
906 1386 1154 1486 precibusque
1178 1388 1335 1486 petitus,
1472 1406 1541 1473 155

350 1510 470 1611 Quem
494 1520 684 1606 venturum
709 1504 798 1576 olim
821 1530 951 1577 sacrae
977 1505 1148 1579 cecinere
1173 1507 1350 1607 Sibyllae.

348 1631 453 1730 Quae
480 1650 594 1699 causa
616 1625 656 1697 in
680 1641 798 1698 terras
822 1648 843 1696 e
868 1626 1018 1699 summis
1046 1627 1162 1727 egerit
1189 1630 1318 1719 astris,

349 1748 491 1851 Quidve
517 1746 615 1819 ferat
639 1746 746 1819 lateri
769 1745 901 1819 mulier
927 1772 1052 1820 comes
1079 1747 1206 1821 addita
1232 1764 1362 1823 nostro

347 1871 518 1972 Accipite
525 1921 537 1959 ,
564 1886 602 1940 et
625 1890 807 1941 memores
834 1866 977 1953 animos
1003 1866 1181 1943 advertite
1207 1868 1333 1945 dictis:

345 1994 445 2068 Ante
471 1990 585 2063 chaos
608 1988 822 2089 primosque
845 2005 947 2061 ortus
973 2007 1012 2061 et
1036 1990 1177 2062 semina
1200 2016 1328 2061 rerum·
1472 2004 1543 2083 110

347 2115 452 2186 Haec
476 2108 567 2181 mihi
587 2126 703 2209 nupta
726 2110 827 2203 Dea3
854 2109 1109 2208 innumerique
1131 2110 1218 2182 hinc
1244 2110 1359 2183 ubere
1384 2129 1497 2212 partu

345 2230 498 2334 Egressi
521 2228 560 2301 in
584 2228 726 2319 lucem,
750 2246 918 2302 nostrum
943 2256 1078 2330 genus,
1104 2231 1238 2330 Augcli
1263 2232 1310 2304 ab
1335 2234 1431 2313 alvo.

345 2354 405 2429 Illi
429 2370 552 2426 cutem
578 2348 735 2423 artifices
760 2375 883 2422 rerum
907 2369 1119 2449 terramque
1144 2352 1345 2453 polumque

335 2472 594 2567 ¹stelliferum,
628 2487 740 2570 etque
757 2470 961 2544 ‘hominum
991 2470 1251 2571 pecudumque
1284 2493 1396 2577 utque
1430 2506 1541 2555 omne

352 2661 355 2670 .
974 2607 1165 2664 natantum

346 2715 516 2792 Eduxere
543 2736 671 2813 genus.
721 2710 798 2783 Sed
822 2711 922 2788 fastu
946 2711 1153 2812 opibusque
1178 2729 1364 2793 tumentes
1469 2733 1541 2810 145

350 2838 401 2910 Se
428 2836 598 2909 dominos
622 2834 688 2907 tali
711 2833 841 2934 puduit
866 2834 1046 2933 genitrice
1073 2850 1231 2909 creatos.
1288 2904 1290 2907 .

346 2959 529 3057 Dejecerc
553 2957 642 3055 polo
668 2983 751 3029 cum
777 2955 923 3028 sidereo
950 2952 1127 3027 comitutu

348 3083 531 3156 Natorum
553 3078 627 3152 fido
635 3106 648 3171 3
675 3093 711 3149 et
732 3077 906 3148 miseram
927 3100 996 3175 per
1022 3075 1150 3147 secula
1175 3094 1323 3151 centum

348 3204 556 3299 Lustraque
580 3199 638 3273 bis
663 3215 806 3299 septem
830 3196 978 3271 mortali
1003 3196 1184 3295 compede
1210 3197 1385 3292 vinctam,

348 3324 467 3422 Inque
491 3320 564 3392 ulia
588 3346 633 3393 ex
654 3317 734 3393 aliis
758 3316 984 3392 transfusam
1000 3340 1160 3414 corpora
1183 3320 1302 3391 saevis
1469 3338 1538 3405 150

348 3447 534 3518 Exercent
556 3439 700 3542 poenis.
749 3437 846 3510 Hinc
870 3434 936 3508 illa
958 3436 1104 3509 Ennoia
1127 3437 1302 3537 primum,

344 3652 763 3670 m

350 3781 386 3833 V.
407 3783 457 3835 188
466 3795 542 3845 seqq.
561 3780 714 3833 simonis
732 3782 913 3830 commentum
926 3778 1068 3831 cheIene
1085 3782 1244 3850 stringelio.
1268 3782 1310 3834 Ex
1320 3779 1445 3832 heusen.
1463 3782 1486 3848 1,
1499 3785 1539 3835 2⁰.

349 3924 609 3990 V-186.sibyiiue
635 3910 674 3991 (a
696 3908 921 3988 micernium
941 3908 1016 3983 θεὸς
1044 3930 1077 3978 et
1097 3916 1173 3998 βυλὴ
1198 3936 1249 3996 pro
1276 3914 1387 3997 βουλὴ,
1409 3931 1461 3981 Dei
1478 3942 1541 3980 con·

487 4017 600 4085 silium)
646 4019 769 4085 virgines
815 4019 911 4067 decem
967 4019 1117 4091 fatidicae,
1178 4036 1292 4087 quarum
1344 4024 1541 4073 celeberrimae

489 4111 690 4172 Erythraea
719 4114 747 4160 et
773 4109 923 4160 cumane
956 4111 1077 4165 fuerumt.
1129 4112 1187 4167 Cir.
1216 4116 1298 4166 Serv.
1324 4117 1394 4165 Aen.
1422 4117 1455 4180 8,
1480 4116 1540 4167 411.

487 4203 565 4252 Itact.
582 4204 609 4256 1.
629 4203 655 4253 6.

348 4338 385 4391 V.
405 4338 466 4392 118.
485 4338 556 4389 Edit.
574 4338 674 4387 venet.
692 4346 743 4397 pro
761 4339 795 4385 et
811 4334 973 4388 miseram
990 4338 1010 4391 l.
1028 4342 1110 4403 atquc
1127 4340 1225 4401 ipsun.

281 4453 285 4464 ¹
349 4485 385 4536 v.
405 4487 466 4539 rut.
484 4484 617 4537 uanum
635 4468 761 4546 (ἔννοια,
792 4480 882 4548 nouo,
909 4470 1106 4549 intelligentia)
1127 4484 1155 4533 n
1180 4484 1335 4549 neonium,
1362 4481 1478 4547 triginta
1494 4480 1545 4530 uu

489 4577 589 4639 purtim
606 4577 743 4641 maritus,
769 4574 869 4636 partin
887 4558 1013 4640 feminis,
1040 4574 1292 4628 Valentiniani
1311 4574 1436 4645 Gnostici
1452 4584 1544 4624 uume-

489 4671 577 4720 tetur.
614 4666 726 4717 Tertull.
745 4669 809 4717 edu.
828 4667 938 4717 Valent.
958 4669 985 4717 7.
1094 4676 1097 4683 ’
