3634 5667
328 508 375 579 38
758 455 999 567 tlBER
1047 494 1094 568 V.

329 687 534 778 Ardeolae,
558 685 693 762 virides
716 688 813 789 pici,
838 689 1024 790 cinclique
1050 692 1229 791 loquaces

328 809 391 884 ad
415 825 541 881 nutum
565 807 733 890 veniunt:
758 810 981 911 mirantique
1007 809 1151 884 addidit
1172 810 1275 901 Ales,

326 930 404 1029 lpsi
426 929 536 1000 etiam
561 927 743 1001 accedent
765 930 894 1020 mites,
920 929 953 1003 si
981 921 1153 1030 jusseris,
1179 930 1269 1021 ursi,

326 1051 408 1154 Nec
432 1064 589 1120 renuent
618 1048 752 1146 tigrest
777 1050 879 1123 nulla
903 1052 961 1124 bis
987 1051 1069 1124 fera
1093 1050 1204 1122 noxia
1229 1050 1340 1125 silvis.
1368 1048 1371 1055 ¹

325 1170 489 1243 Ventum
514 1184 571 1239 est
595 1165 714 1266 Elysii
738 1169 778 1242 in
801 1172 992 1271 pomaria,
1020 1169 1119 1243 dives
1144 1169 1208 1242 ubi
1232 1169 1297 1242 illa

327 1288 503 1362 Cladibus
528 1288 601 1360 heu
624 1307 775 1363 nostrae
798 1291 918 1391 gentis
943 1289 1194 1363 memorabilis
1219 1291 1350 1364 arbosr

327 1413 516 1507 Pomaque
542 1431 697 1481 eernere
721 1428 802 1483 erat
825 1412 974 1485 summis
1000 1410 1129 1483 fatalia
1153 1411 1266 1487 ramis

257 1627 259 1639 Ι
323 1527 492 1603 Pendula
516 1525 656 1620 adhuc,
680 1532 814 1605 veteris
840 1532 1067 1605 monimenta
1090 1532 1269 1632 perennia
1295 1556 1426 1609 norae.

325 1650 414 1740 His,
441 1648 492 1721 ait
517 1648 665 1748 auriga,
690 1650 871 1743 infaustis
888 1650 957 1724 sub
982 1650 1177 1724 frondibus
1204 1669 1327 1725 actum

323 1772 383 1845 De
407 1794 531 1841 rerum
556 1795 716 1860 summa,
742 1771 841 1869 jacta
866 1771 968 1862 alea,
995 1770 1215 1871 perditaque
1241 1772 1377 1847 omnia.

317 1895 413 1994 'Ipsa
434 1892 559 1965 locum
584 1890 756 1963 immunis
782 1890 914 1992 culpae
940 1872 1206 1991 cdoumspioe5
1228 1892 1332 1967 Dira.

324 2013 393 2085 His
418 2011 544 2084 furtim
567 2037 704 2112 repens
730 2012 880 2083 emersit
902 2010 1052 2111 sepibus
1079 2010 1227 2108 anguis:
1448 2024 1518 2094 225

325 2135 397 2207 Hio
420 2132 517 2206 sedit
542 2130 756 2204 miseranda
778 2157 938 2231 parensr
962 2132 1023 2203 bio
1050 2156 1115 2204 ore
1140 2110 1298 2224 locutus,

326 2254 517 2354 Multaque
542 2254 713 2354 promisit
736 2270 921 2327 veterator
946 2251 1121 2327 callidust
1147 2252 1233 2323 huic
1259 2278 1300 2325 se

324 2376 509 2477 implicuit
528 2391 679 2465 trunco,
704 2375 943 2474 porrexitque
968 2371 1160 2473 improbus
1186 2396 1323 2444 escam.

325 2498 408 2569 Heu
434 2496 559 2569 dolor!
584 2499 658 2570 heu
682 2497 821 2597 pietas!
847 2495 1062 2568 Delirarere
1088 2509 1285 2592 parentes3

291 2658 307 2678 ι,
322 2617 515 2691 Plectetur'
534 2620 630 2690 Puer
653 2618 724 2689 ists
749 2633 846 2689 tuus.
897 2614 1037 2690 Sancte
1062 2614 1207 2713 Aliger,
1233 2611 1351 2686 istud·
1449 2625 1520 2695 230

325 2737 588 2838 (Duroniam)
614 2754 764 2837 poteras
789 2736 967 2825 reticere,
994 2751 1057 2805 aut
1080 2733 1205 2807 dicere
1232 2733 1362 2806 saltem

325 2858 493 2932 Vocibus
518 2858 698 2958 ambiguis
710 2888 722 2954 3
749 2882 848 2929 nuno
872 2853 1116 2929 irrevocabile
1141 2853 1256 2927 telum
1281 2870 1349 2942 est,

324 2978 449 3077 Atque
473 2979 569 3049 haec
593 2976 708 3074 rerba
733 2976 795 3049 diu
818 2978 932 3065 tacite
959 3001 1086 3048 secum
1103 2974 1176 3047 illa
1198 2974 1372 3049 revolvet.
1408 3042 1410 3047 ,
1444 2972 1447 2983 ‘

327 3096 476 3173 Occidit
500 3098 643 3168 interea
667 3096 796 3171 Titant
824 3094 1009 3194 (mirabile
1037 3096 1116 3169 visu
1125 3098 1152 3197 l)

299 3217 541 3319 {Suspiciunt
561 3215 688 3288 lunam
712 3216 901 3315 ingentem
927 3240 966 3287 se
991 3216 1123 3289 tollere
1149 3233 1291 3307 contra,
1448 3226 1519 3295 235
1623 3226 1624 3229 ’

294 3351 299 3437 ξ
326 3340 394 3412 Cui
417 3338 585 3444 maculae
609 3317 796 3428 insuetae,
822 3356 860 3409 et
885 3336 995 3410 solito
1021 3338 1224 3437 turgentior
1249 3336 1371 3431 orbis5

291 3448 299 3518 ἶ
326 3461 398 3532 Per
421 3434 555 3533 vitreas
581 3456 701 3557 qualis
726 3484 809 3531 sese
834 3459 970 3559 ingerit
995 3483 1108 3531 aurea
1131 3462 1263 3555 lentes.

322 3580 452 3679 Usque
478 3577 574 3652 adeo
598 3577 664 3650 illa
689 3578 777 3678 polo
802 3580 951 3653 sublimi
979 3582 1115 3653 vertice
1140 3580 1180 3653 in
1202 3605 1311 3652 auras

230 3743 233 3750 =
323 3701 482 3772 Accedit
502 3698 633 3793 tellus,
658 3699 909 3801 propioraque
936 3700 1090 3800 suspicit
1109 3676 1220 3773 astra.
1266 3722 1281 3737 ’

323 3822 494 3921 Denique
519 3847 766 3906 marmoreum
789 3838 928 3896 tectum
952 3820 1108 3895 sublime
1133 3820 1296 3912 refulsit,
1446 3823 1519 3903 240

328 4008 439 4024 *a

325 4127 360 4177 V.
380 4129 441 4181 214.
469 4127 621 4182 cinelus
640 4114 757 4199 (κίγλος,
784 4130 844 4183 ital.
874 4118 1066 4200 coditrenola)
1102 4134 1181 4198 uvls,
1218 4143 1290 4196 quae
1328 4130 1358 4181 et
1383 4124 1524 4180 motacllls

466 4223 581 4283 (wersso
599 4224 793 4283 necassem)
811 4198 932 4276 ascitur)
957 4226 1032 4277 suso.
1051 4240 1074 4281 s.
1093 4238 1121 4275 v.
1141 4220 1247 4275 aaran
1268 4223 1312 4289 ιε,
1332 4221 1375 4274 rs.

270 4329 288 4362 .·
323 4313 358 4365 v.
377 4316 439 4367 ars.
458 4314 589 4378 Elysii.
607 4318 643 4382 v,
663 4321 706 4369 so.

308 4406 361 4471 lv.
380 4409 441 4459 tsl.
460 4407 579 4458 Titan.
599 4407 646 4471 lv,
667 4410 726 4461 11⁵.

326 4498 361 4550 v.
381 4500 441 4547 237.
461 4499 525 4549 Per
541 4499 681 4552 vitreus
697 4502 825 4553 lentes
841 4504 860 4554 l,
880 4517 905 4555 e.
925 4516 974 4565 per
991 4503 1092 4557 vitrum
1111 4498 1343 4553 lenticulartslvu
1360 4500 1519 4553 lenticulam

463 4588 581 4642 vitream
600 4593 799 4659 (Lluseuglos).
