3634 5667
340 571 411 643 ms
648 658 657 685 ο
740 520 1151 631 nteaniu'

336 754 604 854 Projeetusque
627 749 749 829 labor.
800 738 1031 853 Quin'eoelo
1057 748 1174 823 effusa
1198 752 1366 851 procella

329 874 416 947 ¹Sub
441 888 590 946 noctem
614 873 814 973 improvisa
837 899 964 963 ruens,
987 871 1259 970 commixteque
1284 872 1429 972 grando
1481 890 1527 959 65

336 998 537 1067 Terrueret
561 1010 727 1081 cunctos,
753 992 976 1094 profugique
1000 993 1038 1064 in
1062 1010 1162 1066 tecta
1187 991 1375 1073 redibant.

335 1114 483 1189 Accidit
508 1131 545 1186 et
563 1112 678 1186 'fessis
704 1112 806 1185 aliud
830 1113 1055 1192 miserabile.
1105 1116 1277 1212 Namque
1307 1200 1311 1213 Ι

334 1235 402 1307 llla
426 1257 558 1307 recens
582 1234 720 1334 hospes
745 1235 853 1325 ruris,
869 1260 993 1340 ‘mem
1017 1233 1185 1322 diximus,
1211 1240 1313 1333 Agar

334 1328 539 1453 Engaddea
559 1355 656 1425 inter
680 1353 846 1429 fremitus
873 1373 911 1427 et
933 1380 1118 1427 murmura
1139 1354 1239 1427 renti

334 1478 488 1547 Vastum
512 1476 680 1575 ingressa
707 1501 854 1552 nemusz
880 1475 1058 1578 perplexa
1080 1500 1150 1577 per
1175 1476 1255 1550 aria
1280 1476 1392 1551 silvae

332 1595 471 1667 Ultima
496 1594 583 1667 dum
608 1574 773 1697 sequitur
798 1599 952 1672 comites
978 1596 1108 1697 ignara
1129 1596 1292 1694 viarum3

336 1715 411 1790 Olli
436 1733 644 1817 surreptum
668 1719 829 1792 violento
854 1718 1003 1791 turbine
1028 1716 1160 1806 velum,

332 1837 578 1935 Delatumque
599 1841 732 1942 procul
758 1841 913 1912 dumoso
940 1839 1072 1940 cespiti
1095 1837 1269 1933 inhaesit,

276 1982 280 1989 ’
333 1958 537 2057 injecitque
562 1987 716 2033 moram.
768 1962 857 2034 Ruit
880 1961 1034 2033 humens
1060 1957 1229 2032 imbrifer
1252 1959 1389 2031 Auster

333 2082 376 2151 In
400 2078 548 2170 faciem,
572 2099 610 2154 et
631 2081 766 2156 virides
790 2098 910 2156 vestes
935 2081 1045 2182 rupit,
1072 2099 1183 2181 etque
1209 2079 1377 2180 capillos.

332 2202 591 2301 Nequicquam
617 2203 760 2297 socies,
787 2228 878 2303 quas
904 2203 1062 2304 impetus
1088 2204 1192 2275 oeior
1217 2206 1317 2275 Euro

333 2324 559 2423 Praecipites
582 2323 668 2423 egit,
695 2322 823 2395 infelix
847 2324 1010 2397 clamore
1034 2322 1193 2396 vocabat
1200 2350 1213 2417 3

332 2446 414 2516 Neo
438 2444 604 2516 meminit
628 2436 757 2536 callis,
783 2471 854 2517 nec
879 2471 954 2543 quo
981 2470 1022 2517 se
1047 2444 1192 2515 tramite
1218 2441 1350 2515 ducat:

329 2563 607 2664 Pallentemque
630 2582 731 2638 metu
754 2594 829 2638 nox
853 2565 1014 2664 denique
1041 2590 1157 2637 coece
1181 2563 1345 2637 tenebris

333 2686 501 2786 Occupat
526 2704 730 2797 errantem,
757 2685 1197 2788 collectisque'omnibus
1222 2710 1297 2756 una

332 2790 459 2877 Defuit
482 2805 565 2906 ipsa
590 2806 719 2897 etiam,
746 2825 782 2879 et
807 2833 984 2908 sponsum
1010 2806 1239 2903 comitesque
1255 2801 1401 2876 fefellit.

334 2924 487 2999 Talibus
509 2927 725 3028 implicitum
749 2954 854 3000 mens
879 2926 1034 3028 provide
1059 2927 1227 2999 Numinis
1253 2941 1333 2997 arte

334 3045 483 3119 Nodum
506 3048 713 3120 intexuerat
736 3050 888 3144 mirum,
913 3076 987 3148 quo
1012 3047 1144 3120 laetior
1170 3044 1256 3117 inde

333 3166 459 3239 Exitus
485 3186 667 3243 extremus
691 3168 808 3259 foret,
835 3188 947 3268 etque
972 3169 1010 3240 in
1036 3168 1169 3269 gaudia
1194 3165 1345 3240 tandem

335 3286 430 3360 Cura
454 3288 584 3389 ingens
610 3291 803 3391 luctusque
828 3307 866 3362 et
890 3290 1021 3387 longus
1046 3279 1195 3367 moeror
1221 3287 1379 3363 abirent.

346 3450 378 3494 ε,
430 3411 586 3511 Jamque
611 3411 692 3485 fere
717 3408 1050 3485 mediumstelleta
1073 3411 1111 3481 in
1137 3426 1236 3483 veste
1262 3406 1414 3479 tenebat

218 3553 222 3557 ⁴
331 3531 491 3603 Humida
516 3558 589 3605 nor
613 3560 778 3624 cursum,
806 3551 844 3606 et
859 3531 1010 3634 ‘pluviae
1035 3531 1206 3629 ventique
1231 3527 1414 3627 quierant,

332 3654 412 3724 Nec
438 3653 578 3729 sonitus
602 3682 674 3729 nec
696 3681 859 3728 murmur
884 3670 982 3742 erat,
1006 3652 1075 3725 nisi
1101 3638 1259 3723 fontium
1281 3647 1328 3721 ab
1355 3646 1438 3720 altis

337 3772 550 3847 Stillantum
576 3778 685 3878 ripis,
712 3795 749 3848 et
771 3776 863 3848 moti
887 3774 1020 3845 leniter
1044 3773 1182 3843 Austri.

332 3897 417 3993 lpse
442 3897 573 3996 procul
598 3923 748 3970 somnos
772 3897 913 3969 labenti
937 3893 1085 3965 flumine
1107 3908 1253 3963 torrens
1478 3900 1528 3971 90

335 4015 534 4109 Conciliat,
560 4016 745 4118 longeque
770 4042 903 4090 canum
927 4013 1119 4088 latratibus
1145 4038 1232 4111 arra

336 4296 371 4346 V.
390 4298 433 4348 69.
470 4295 667 4363 Engaddea.
686 4291 748 4360 Vll,
767 4295 827 4346 iet.

337 4384 372 4439 V.
392 4390 426 4441 '24
444 4393 472 4440 et
489 4393 533 4442 te.
552 4388 623 4440 Edit.
640 4387 748 4437 Veneta
765 4385 833 4452 legit
852 4387 880 4434 et
897 4383 988 4433 adiit:

434 4543 435 4546 Ἴ
544 4476 696 4545 lnjecitque
712 4490 828 4552 meram
861 4477 928 4527 Ruit
944 4475 1072 4525 imbrifer
1086 4476 1113 4527 in
1133 4473 1231 4525 faciem
1250 4475 1351 4523 Auster

545 4570 628 4634 inque
645 4572 750 4636 sinum,
768 4572 906 4631 vittasque
923 4568 1010 4632 rapit,
1027 4570 1172 4629 vestesque
1192 4566 1373 4628 capillosque,

544 4663 751 4727 Insequiturque
768 4664 881 4713 torrem
898 4660 996 4709 nimbis
1013 4659 1178 4721 pluvialibus
1196 4659 1302 4709 aether.
1341 4702 1344 4707 .
