3634 5667
332 509 379 578 70
754 494 995 566 cicun
1044 496 1110 570 lv,

332 688 400 763 cui
424 687 584 780 cithare,
610 704 649 761 et
672 686 789 787 Tyrio
813 685 1000 788 fulgentes
1025 692 1165 766 murico
1190 693 1321 791 rinae,

223 842 227 853 ·
329 807 431 883 Illius
456 812 549 911 ergo
570 836 698 902 soror,
723 811 938 911 pariterque
963 811 1152 910 Ligustica
1176 813 1327 886 Phoebe

330 933 468 1031 Magna
496 930 677 1031 Quirinali
701 933 837 1007 scitare
862 935 1016 1037 oracula
1041 933 1158 1014 colle:

329 1051 485 1126 Vatibus
509 1052 573 1127 ille
597 1072 748 1155 praeest
771 1056 907 1145 sacris,
934 1073 1045 1155 teque
1069 1055 1141 1130 ista
1164 1053 1329 1135 docebit.
1456 1067 1529 1136 260
1633 1103 1634 1118 .

428 1172 582 1247 Talibus
609 1175 797 1250 illecebris
822 1177 1066 1251 blandissima
1090 1177 1208 1278 Virgo
1233 1176 1381 1250 solebat

328 1295 412 1368 lam
435 1311 524 1366 tunc
549 1294 616 1366 illa
639 1320 728 1368 suos
752 1296 885 1373 felices
909 1297 1070 1371 reddere
1096 1313 1261 1370 amantes
1271 1325 1285 1392 3

330 1417 412 1516 Quo
438 1441 508 1490 nos
534 1416 722 1490 extimirlet
745 1419 886 1519 pariter
911 1436 988 1492 tam
1013 1417 1171 1519 pulchra
1193 1416 1344 1519 cupido,

328 1536 511 1635 Exiliique
535 1563 679 1611 moram
703 1537 812 1613 fallat
835 1564 923 1640 spes
949 1538 1047 1612 alma
1072 1537 1231 1612 fruendi.

326 1655 427 1728 Nam
449 1657 483 1730 si
507 1659 657 1758 quando
683 1659 820 1734 domos
844 1683 1000 1762 superas
1027 1658 1091 1731 det
1107 1658 1211 1732 adire
1236 1659 1366 1734 beatas
1454 1675 1527 1740 265
1633 1713 1634 1718 =

330 1775 472 1877 (Spero
497 1780 689 1881 equidem)
716 1786 811 1856 Puer
836 1782 899 1854 ille
925 1783 1045 1870 Deus,
1072 1805 1184 1878 quem
1207 1780 1367 1853 reddere
1394 1798 1507 1854 cantu

328 1900 588 1994 Praesentem,
615 1921 658 1976 ut
680 1927 855 2004 possum,
878 1925 995 1976 caece
1019 1901 1058 1973 in
1083 1901 1417 2000 regionelaboro3

288 2056 295 2131 ξ
331 2018 478 2117 Quanta
504 2022 575 2094 erit
598 2023 664 2096 illa
688 2025 821 2098 animis
847 2021 1038 2096 exundans
1064 2022 1127 2094 dia
1151 2023 1320 2122 voluptas

289 2173 296 2234 3
331 2140 422 2219 cum
447 2142 643 2217 Genitrice
663 2161 745 2236 tua,
772 2161 811 2217 et
833 2161 977 2233 tecum,
1003 2143 1252 2242 pulcherrime
1277 2171 1414 2235 rerum,

291 2241 298 2344 l
329 2263 402 2334 Per
426 2266 553 2364 magni
575 2264 726 2340 stellata
749 2264 829 2366 poli
854 2289 1018 2342 convexa
1043 2266 1181 2363 vagari,
1458 2277 1532 2348 270

265 2420 267 2423 v
329 2385 379 2455 Et
401 2403 576 2486 reputare
602 2412 742 2477 annos,
770 2403 807 2458 et
830 2385 948 2474 laeta,
973 2384 1155 2485 perennia
1180 2384 1308 2474 lustra,

330 2506 609 2608 Aeternumque
633 2507 711 2584 illie
737 2505 912 2582 obeunda
938 2504 1148 2603 expendere
1169 2507 1289 2580 secla!

332 2624 453 2723 Quam
471 2627 597 2722 robis,
622 2628 767 2730 superi,
792 2626 957 2701 invideo!
983 2624 1184 2720 vobisque,
1210 2627 1339 2734 tenelli

285 2739 292 2809 l
330 2748 551 2848 Lactentes,
577 2750 743 2854 Libitina
765 2775 879 2822 manu
905 2771 1000 2846 quos
1026 2745 1127 2820 vellit
1152 2749 1325 2845 acerbos,

331 2865 383 2938 Ut
405 2865 636 2970 ferrugineas
662 2870 799 2960 violas,
825 2886 866 2941 ut
889 2868 1038 2970 persica
1062 2886 1151 2942 nata
1460 2882 1531 2952 275

332 2987 516 3063 Primitiae
539 2993 654 3080 ruris,
680 2991 831 3065 veniens
857 3015 954 3086 quae
980 2988 1111 3062 sedula
1136 2993 1292 3090 agrestis

332 3107 495 3182 Urbanis
521 3108 680 3182 dominis
707 3110 898 3183 consuevit
922 3109 1022 3180 ferre
1049 3111 1238 3202 canistris,

333 3226 533 3331 Laetitiam
557 3247 710 3306 exactae
734 3229 888 3302 brumae
914 3254 1093 3330 spemque
1119 3230 1246 3304 uberis
1272 3230 1371 3304 anni.

276 1158 306 1205 l‘

336 3500 452 3556 Uti.
475 3505 586 3570 syrio
611 3508 763 3560 murice.
798 3509 831 3562 ln
862 3511 934 3563 meri
963 3510 1039 3562 circe
1062 3509 1207 3577 syrum,
1238 3511 1334 3562 urbem
1369 3511 1536 3562 maritimam

438 3598 620 3668 Phoenicius,
645 3602 856 3654 laudatissimae
873 3615 1012 3667 purpurae
1032 3603 1225 3668 capiebantur,
1252 3617 1287 3653 ex
1304 3603 1402 3666 quibus
1415 3605 1537 3666 optimus

443 3691 521 3744 color
532 3694 676 3756 ,tyrius
694 3696 791 3746 nictus.
807 3696 933 3758 Propert.
951 3697 980 3763 4,
999 3699 1025 3762 5,
1044 3697 1087 3745 22.
1108 3695 1186 3748 ovid.
1204 3699 1270 3747 Met.
1289 3699 1317 3762 6,
1335 3699 1395 3748 222.

339 3781 376 3832 V.
396 3781 458 3836 258.
476 3785 686 3855 Ligustica,
708 3789 729 3838 i.
749 3802 774 3840 e.
794 3789 832 3839 ad
847 3787 990 3852 Liguriam
1006 3789 1163 3855 pertinens,
1189 3790 1330 3853 regionem
1347 3789 1445 3840 ltaliae
1463 3791 1536 3853 alpr-

444 3875 496 3927 bus
513 3879 673 3946 maritimis,
690 3880 848 3947 Apennino,
872 3881 984 3932 Etruria
1002 3885 1031 3931 et
1047 3881 1188 3946 Ligustico
1205 3881 1275 3930 mari
1292 3881 1537 3946 circumscriptam.

446 3967 593 4020 Phoebe
612 3970 656 4025 Gi.
672 3971 709 4037 ll,
729 3971 756 4022 1.

341 4059 377 4114 V.
395 4061 458 4114 tte.
475 4060 560 4114 collis
568 4063 716 4122 carrinatis
735 4067 974 4125 [Montecavalloi
991 4079 1061 4116 unns
1077 4079 1113 4118 ex
1127 4067 1233 4128 septem
1240 4065 1346 4116 Romae
1363 4066 1439 4116 urbis
1456 4066 1538 4120 colli-

446 4155 506 4204 nus.
544 4155 622 4206 orn.
640 4155 717 4206 raet.
733 4157 760 4223 a,
779 4159 842 4211 srr.

342 4245 378 4296 V.
397 4247 459 4298 868.
477 4247 549 4297 Edit.
568 4246 667 4297 venet.
684 4259 735 4309 pro
751 4251 821 4297 tam
838 4249 919 4311 pulc
930 4251 995 4300 hra
1011 4249 1030 4298 1.
1049 4247 1152 4298 divina

343 4338 379 4389 V.
396 4339 459 4390 tot.
476 4339 548 4388 Edit.
566 4339 665 4388 Venet.
681 4352 733 4402 pro
749 4353 909 4401 superes
927 4341 946 4390 1.
966 4341 1057 4392 fessis.

345 4427 379 4480 V.
397 4432 458 4482 ets.
478 4430 646 4481 Libitina
662 4431 681 4480 i.
699 4444 725 4481 e.
744 4434 918 4498 Proserpina,
936 4433 1057 4483 Plutonis
1072 4443 1150 4497 uxor,
1168 4432 1266 4496 regina
1278 4432 1442 4496 lnferorum,
1461 4444 1536 4481 rnor-

449 4523 505 4572 tuis
521 4533 651 4584 praeesse
668 4526 830 4584 putabatur:
846 4525 1029 4588 metonymice
1039 4536 1088 4585 pro
1104 4528 1191 4574 morte
1201 4525 1270 4587 ipsa.
1289 4527 1388 4574 Jrrven.
1409 4526 1452 4591 14,
1472 4525 1535 4576 122.

452 4616 519 4664 lior.
539 4615 588 4665 0d.
606 4619 632 4681 3,
652 4620 695 4681 so,
714 4618 741 4668 θ.
