3634 5667
700 598 1032 674 LIBERVI.

281 802 450 876 Delicias
475 799 591 901 fugiet
614 800 698 903 ipse
721 818 844 873 autem
869 822 966 899 quae
983 822 1138 871 eernere
1161 795 1289 890 telles,

281 927 474 1024 Hespere,
501 940 636 996 cuncta
659 922 778 1024 fugas.
828 922 888 992 En
914 919 1039 992 sidera
1063 942 1194 1019 sparsa
1217 936 1392 1022 repente,

282 1044 607 1145 Praecipitemque
632 1043 759 1144 fugam
784 1043 874 1115 solis
900 1058 1126 1141 noctemque
1151 1058 1320 1153 ruentem
1413 1058 1488 1136 2051

281 1166 480 1240 Parthenia
504 1166 588 1268 ipsa
613 1166 726 1239 dolet.
777 1167 860 1240 Jam
884 1183 1055 1265 tempora
1081 1161 1236 1263 cyclade
1260 1163 1378 1258 velat,

282 1289 576 1386 Discessumque
601 1303 731 1387 parat:
757 1285 915 1376 Procul,
942 1284 1084 1384 iuquit,
1109 1286 1148 1357 in
1174 1282 1291 1357 ardua
1314 1304 1416 1361 tecta

285 1409 382 1481 Sera
407 1407 507 1496 dies,
532 1409 660 1500 Pueri,
688 1425 839 1481 revocat
847 1461 858 1497 ,
885 1405 1174 1509 superandaque
1200 1406 1326 1502 vallis3
1370 1384 1375 1391 .

283 1532 430 1628 Perque
456 1552 603 1601 sacram
626 1528 830 1627 relegenda
852 1529 985 1599 iterum
1009 1528 1163 1626 vestigia
1189 1527 1329 1603 silvam.
1386 1558 1389 1565 ’
1469 1624 1475 1631 .

284 1648 453 1751 Sic-,issa
504 1653 556 1722 At
580 1650 705 1721 senior
728 1667 829 1728 rates
856 1649 1021 1747 suspexit
1046 1674 1230 1738 eremum,
1416 1662 1487 1733 210
1530 1648 1540 1703 l

286 1770 450 1843 Carmeli
474 1769 522 1841 ad
549 1796 718 1841 normam
743 1770 879 1841 veteris
905 1786 1004 1841 tecta
1032 1769 1149 1843 ardua
1174 1770 1271 1842 colle

285 1890 509 1981 Palmifero,
535 1906 648 1989 atque
674 1889 762 1963 illuc
790 1891 848 1963 bis
875 1890 1021 1965 sustulit
1048 1892 1096 1964 ad
1121 1890 1207 1991 juga
1233 1892 1414 1983 dextram,
1468 1978 1472 1994 1

288 2010 573 2109 clamoremque
599 2010 702 2083 dedit
722 2030 871 2103 notum,
895 2013 1087 2113 tenuitque
1109 2038 1312 2116 parumper

288 2130 496 2203 Sollicitam
522 2134 680 2203 Matrem
706 2131 833 2223 dictis,
860 2150 974 2233 atque
1001 2135 1108 2207 altius
1134 2160 1200 2207 ore

288 2251 406 2349 Signa
431 2250 535 2323 dedit
558 2278 715 2323 rursum.
766 2257 868 2324 Ecce
890 2270 1014 2325 autem
1042 2253 1229 2353 (mirabile
1253 2253 1367 2355 rieul)
1419 2266 1500 2349 215„
1583 2256 1588 2265 ⁵

289 2374 473 2473 Quattuor
497 2398 518 2444 e
543 2388 669 2443 monte
696 2372 885 2473 alipedes,
911 2398 958 2445 en
983 2400 1112 2473 currus
1140 2375 1189 2447 ah
1215 2375 1291 2450 alto
1507 2436 1511 2467 ᾗ
1557 2367 1561 2373 ’

287 2494 518 2585 Flammeus,
545 2493 742 2593 alatusque
770 2493 919 2565 Cherub
946 2496 1073 2595 auriga
1097 2495 1252 2596 jugales,
1507 2468 1536 2575 i'

287 2579 567 2706 Loralenens,
595 2631 738 2686 summo
765 2613 811 2685 de
837 2614 974 2686 vertice
1002 2615 1108 2687 collis
1135 2616 1281 2715 agebat.

290 2735 419 2835 Qualis
445 2737 510 2808 ubi
534 2737 574 2807 in
599 2753 749 2807 noctem
774 2734 883 2835 vulgo
909 2734 1035 2810 media
1058 2739 1151 2809 urhe
1178 2754 1311 2810 coacto

287 2856 465 2929 Machina
488 2857 690 2957 flagratura
713 2858 845 2954 ingens
869 2856 947 2955 jam
971 2872 1140 2958 tempore
1165 2856 1279 2957 longo
1418 2864 1493 2933 220

291 2977 513 3077 Spectantes
539 2980 679 3069 tenuit,
706 3004 789 3050 oum
814 2980 975 3077 primum
1000 2979 1160 3051 culmine
1186 2978 1233 3051 ab
1262 2978 1336 3051 alto

289 3102 362 3170 Per
386 3099 514 3171 funem
540 3116 604 3170 aut
628 3099 770 3197 aquila,
798 3118 862 3171 aut
887 3099 988 3171 alato
1013 3119 1162 3201 tergore
1188 3124 1343 3201 serpens

290 3220 426 3293 Sibilat
451 3247 517 3293 ore
542 3219 668 3292 ferens
695 3219 869 3291 incendia
877 3248 890 3315 3
917 3220 1039 3321 plebis
1065 3222 1201 3295 hiantis

292 3343 370 3415 Ora
395 3341 599 3440 oculosque
625 3343 724 3440 rapit
747 3340 897 3413 flamma
921 3342 1121 3441 improvisa
1145 3367 1213 3441 per
1239 3363 1371 3417 auras:
1474 3356 1477 3374 ¹

289 3462 402 3533 Haud
428 3462 536 3535 aliter
560 3460 644 3533 miri
668 3461 867 3534 veniebant
891 3465 1039 3535 tramite
1064 3479 1168 3535 recto
1419 3468 1496 3539 225

292 3582 511 3682 Quadrijugi
537 3582 710 3655 ardentes
736 3582 1010 3683 flagrantesque
1038 3606 1104 3655 are
1132 3578 1348 3681 quadrigae.

290 3705 417 3803 thue
443 3705 563 3778 solum
596 3705 751 3803 tetigere
776 3722 899 3796 rotae,
928 3704 1123 3808 propiusve
1149 3701 1333 3801 quierunt,
1435 3734 1438 3741 ·

290 4011 328 4061 V.
347 4014 409 4065 204.
428 4012 612 4077 Hesperus
642 3979 806 4085 (Senecae)
825 4013 909 4067 stella
927 4012 1037 4079 dicitur,
1057 4020 1118 4059 cum
1133 4006 1319 4075 subsequitur,
1345 4006 1500 4061 Lucifer

335 4099 548 4187 (Φωσφόρος),
567 4134 630 4173 curn
649 4123 838 4189 antegreditur
849 4119 946 4170 solem.
965 4115 1044 4179 Virg.
1061 4110 1122 4164 Ecl.
1143 4112 1187 4178 1⁰,
1207 4111 1251 4162 17.

289 4210 327 4259 V.
346 4212 419 4263 211.
432 4210 602 4265 Carmeli.
638 4215 698 4266 cfr.
717 4216 741 4282 1,
767 4216 830 4266 484.

291 4300 328 4352 V.
348 4304 410 4355 217.
431 4303 567 4357 Cherub
586 4307 706 4375 (potens,
724 4302 817 4370 fortis)
836 4306 862 4354 l.
880 4302 901 4353 1.
920 4298 1043 4366 angelus.
1068 4295 1214 4348 Cherubim
1229 4298 1258 4345 et
1273 4292 1497 4347 rutaniorum-

434 4399 560 4465 gelorurn
575 4400 697 4466 agnina,
715 4403 744 4449 et
756 4401 863 4465 figurae
876 4396 1067 4447 Hebraeorum
1082 4388 1252 4455 symbolicae
1269 4390 1332 4439 sunt
1345 4384 1455 4451 (Erech.
1468 4386 1496 4451 1,

436 4496 534 4546 a-lt.
553 4504 578 4542 c.
598 4495 641 4557 10,
662 4488 786 4556 14-10).
807 4488 993 4547 cn.1.amy
1011 4485 1200 4535 detabemac.
1220 4480 1293 4531 foed.
1312 4491 1338 4541 1²·
1364 4480 1417 4532 414
1435 4487 1496 4541 sqq.

293 4582 329 4633 V.
349 4586 410 4635 219.
427 4586 501 4635 Edit.
520 4585 629 4635 Veneta
644 4595 693 4644 pro
707 4584 832 4646 qualis
848 4581 909 4630 ubi
925 4578 1008 4645 legite
1028 4588 1062 4627 ao
1082 4576 1179 4627 veluti.

293 4675 329 4726 V.
349 4678 410 4727 220.
429 4678 503 4727 Edit.
521 4678 592 4726 ven.
610 4688 660 4738 pro
675 4672 750 4741 jam
767 4676 786 4726 l.
805 4673 860 4723 ubi.
