3634 5667
1532 586 1573 654 V

374 831 457 880 esse
481 806 647 907 gavisos,
686 823 829 882 textum
866 805 1041 880 editionis
1063 805 1257 908 'principis
1280 807 1571 888 Mediolanensis

372 978 472 1027 nova
495 978 587 1025 cura
609 946 865 1052 recognitum,
894 948 1070 1048 subjecta
1105 949 1277 1024 lectionis
1302 952 1479 1043 varietate
1506 954 1572 1028 ad·

373 1095 769 1197 positoquerersuum
792 1116 947 1163 numero
974 1109 1012 1163 et
1035 1090 1181 1184 indice,
1211 1092 1250 1163 in
1275 1093 1431 1192 gratiam
1452 1095 1570 1170 lecto·

371 1239 423 1312 ris
455 1237 705 1313 adolescentis
738 1234 843 1310 brevi
886 1231 1126 1308 adnotatione
1152 1234 1400 1312 instruximus.
1451 1235 1569 1337 quue

369 1406 414 1455 eo
439 1382 558 1482 magis
583 1378 797 1454 faciendum
822 1401 906 1454 esse
932 1375 1102 1448 arbitrati
1121 1402 1263 1468 sumus,
1291 1404 1365 1478 quc
1382 1380 1568 1454 recentio-

370 1549 432 1598 res
469 1543 606 1625 poetae
638 1522 688 1597 ob
726 1546 787 1594 res
821 1518 952 1594 leviter
984 1534 1127 1621 tantum
1160 1518 1208 1590 ah
1246 1518 1292 1592 iis
1329 1520 1566 1624 breviterque

366 1666 467 1740 haud
492 1694 579 1741 raro
604 1682 737 1754 tactas,
762 1687 900 1761 casque
926 1688 1002 1734 non
1029 1661 1219 1752 omnibus,
1245 1661 1314 1736 scd
1338 1663 1567 1764 singulorum

366 1811 533 1886 locorum
561 1830 673 1912 atque
697 1805 891 1905 regionum
915 1805 1050 1878 incolis
1075 1823 1281 1878 memoratu
1305 1805 1458 1906 dignas,
1493 1807 1565 1879 dis.

367 1955 540 2030 liciliores
566 1967 651 2029 sunt
676 1948 726 2022 ad
749 1946 1049 2048 intelligendum,
1090 1973 1202 2046 quarn
1238 1948 1442 2050 scriptores
1468 1951 1563 2024 anti-

369 2097 539 2195 quitatis,
567 2121 679 2197 quam
703 2091 831 2165 dicunt
856 2090 1073 2180 classicam,
1111 2092 1214 2191 cujus
1239 2092 1413 2182 historia,
1437 2118 1562 2166 mores

367 2257 405 2312 et
429 2241 580 2314 omnino
607 2236 752 2326 omnia,
775 2259 1032 2334 quaecumque
1059 2234 1108 2306 ad
1124 2234 1424 2337 interpretandos
1442 2237 1563 2338 scrip-

366 2396 467 2453 tores
492 2399 637 2456 reteres
663 2378 880 2474 conferunt,
919 2379 959 2450 in
990 2376 1265 2478 philologorum
1296 2378 1402 2454 libris
1440 2379 1562 2454 conti·

363 2541 509 2599 nentur·

458 2811 563 2908 Quae
590 2835 674 2882 cum
697 2806 752 2880 ita
777 2805 851 2878 sint
857 2857 870 2897 ,
914 2804 964 2877 ad
983 2803 1153 2878 lahorem
1175 2804 1336 2878 tironum
1360 2802 1557 2878 levandum

362 2949 516 3049 operam
541 2949 729 3040 dedimus,
771 2965 811 3021 ut
844 2971 1102 3048 quaecumque
1124 2946 1302 3021 historica
1326 2949 1366 3021 in
1393 2948 1556 3021 editione

356 3091 528 3193 principe
555 3109 774 3182 occurrunt,
801 3116 846 3163 ca
868 3092 998 3194 paucis
1026 3089 1310 3191 explicaremus,
1335 3117 1407 3166 nec
1433 3093 1554 3165 minus

358 3235 610 3335 geographica
635 3251 672 3307 et
697 3233 792 3312 alia:
831 3261 927 3334 quae
960 3261 1047 3310 vcro
1083 3232 1230 3304 aliunde
1265 3233 1342 3332 jam
1373 3251 1464 3307 nota
1495 3235 1555 3309 rel

354 3376 509 3448 minoris
543 3378 722 3450 momenti
761 3401 843 3448 esse
867 3374 1108 3466 videbantur,
1155 3393 1297 3448 tantum
1335 3376 1473 3468 abfuit,
1513 3394 1554 3449 ut

353 3544 399 3592 ea
422 3519 710 3619 interpretantes
744 3521 964 3620 paginarum
996 3545 1189 3592 numerum
1218 3518 1327 3593 nimis
1362 3545 1488 3618 aequo
1514 3536 1551 3594 ct

353 3663 453 3762 justo
478 3688 715 3762 augeremus,
761 3680 802 3736 ut
833 3661 968 3734 lectori
1003 3661 1216 3763 indaganda
1241 3651 1547 3762 relinqueremus.

349 3804 613 3877 Narrationcm
654 3804 815 3905 denique
864 3807 960 3880 vitae
1005 3806 1170 3896 Gerae,
1215 3832 1326 3906 quarn
1378 3805 1548 3880 Guido

347 3947 606 4021 Ferrarius
633 3946 926 4050 conscripsit*),
960 3975 1038 4021 non
1063 3948 1183 4022 solum
1208 3949 1246 4021 in
1271 3947 1434 4022 medium
1457 3973 1546 4048 pro-

348 4087 565 4180 ferendam,
591 4090 661 4163 sed
689 4091 801 4165 etiam
825 4092 982 4166 aliorum
1006 4093 1153 4192 judiciis
1179 4090 1437 4192 adaugendam
1464 4115 1547 4165 esse

347 4230 644 4314 existimavimus.

342 4568 376 4637 l)
395 4575 428 4624 Ι).
447 4577 552 4641 angelo
571 4576 779 4644 calogerus·
805 4577 939 4635 Raccolta
956 4573 1109 4648 d’cpuscoli
1135 4573 1278 4631 selentlfrcl
1295 4592 1311 4630 e
1328 4574 1468 4645 filologici.
1485 4579 1543 4630 Ve-

393 4688 482 4738 neria.
503 4689 580 4741 1750.
600 4693 629 4742 Τ.
658 4694 757 4745 xmv.
776 4708 838 4763 pag.
858 4698 909 4749 2⁷5
928 4711 1003 4762 seqq.

1118 4802 1162 4847 *ll*
