3634 5667
285 605 432 681 -md
623 576 627 582 ’
810 584 1171 676 munau:

355 797 522 894 Augusto
546 788 661 867 dedit.
710 791 796 865 Hoc
816 816 905 867 vero
936 794 1106 879 mirabile
1130 806 1305 890 narrant,

353 916 456 987 lllius
480 914 520 985 in
545 913 715 999 sobolem
740 929 779 985 et
801 913 943 987 sobolis
968 942 1084 1015 genus
1111 942 1221 1005 omne
1247 935 1429 1017 secutum,
1481 931 1550 1009 185

352 1040 573 1109 Tartareum
595 1059 854 1136 possessorem
877 1034 1056 1135 migrasse
1079 1036 1302 1109 frementem
1327 1126 1329 1131 Ι

353 1156 545 1231 Caesareis
571 1154 748 1232 stabulist
775 1154 896 1228 donec
923 1181 1031 1231 sacro
1057 1155 1174 1233 effera
1197 1158 1330 1231 fraeno

348 1282 492 1379 injecto
520 1277 782 1352 Constantinus
808 1278 1039 1377 compescuit
1063 1304 1132 1351 ora

350 1400 507 1501 Hospite
532 1397 706 1471 Avernali
732 1398 874 1497 ejectos
901 1423 997 1496 quaa
1022 1397 1147 1472 ferrea
1172 1397 1305 1470 fraena

349 1525 536 1624 Augustae
563 1518 691 1592 Crucis
717 1543 738 1591 e
764 1517 870 1591 claro
896 1517 1071 1591 confecta
1095 1519 1242 1608 trabali,
1480 1528 1550 1607 490

345 1642 543 1718 Insubrum
568 1656 655 1714 aute
681 1664 765 1713 aras
789 1662 890 1711 nunc
914 1639 1013 1713 Urbs
1038 1644 1168 1739 regina
1192 1658 1351 1719 veretur.

378 1814 381 1819 -
449 1762 605 1861 Atripe
631 1784 675 1830 ex
700 1758 775 1831 alta
796 1757 939 1858 ‘liquidi
962 1760 1136 1837 Jordanis
1162 1766 1332 1835 Amazon

348 1884 540 1985 insignem
564 1878 675 1955 niveo
700 1877 866 1971 candore
891 1905 1059 1979 auroque
1097 1884 1277 1956 nitentem

347 2006 434 2105 Egit
458 2030 607 2104 equum,
634 2016 671 2072 et
693 1998 805 2073 fluvio
828 1999 960 2073 victrix
985 2025 1026 2073 se
1046 2003 1214 2077 condidit
1245 2002 1341 2094 alto;

346 2123 457 2199 Unde
480 2123 564 2225 pios
588 2121 661 2193 iter
684 2118 734 2191 ad
756 2144 885 2192 manes
908 2146 977 2221 per
1003 2147 1167 2197 concava
1192 2142 1331 2199 terrae.
1481 2128 1548 2206 195

351 2248 435 2347 Quo
462 2242 572 2317 simul
597 2241 758 2334 advenit,
781 2242 912 2342 patriis
938 2242 1043 2317 fusae
1068 2244 1233 2345 undique
1259 2242 1378 2317 sistris

350 2367 561 2440 Occurrere
586 2364 744 2451 animae,
769 2361 920 2463 lateque
944 2364 1155 2465 patentibus
1180 2363 1276 2437 ulnis

347 2488 503 2587 Antiqui
527 2490 670 2564 Patres.
720 2483 812 2584 Quis
837 2510 924 2557 vero
950 2485 1048 2575 hanc
1075 2483 1245 2559 crederet
1275 2484 1389 2573 illam,

347 2607 536 2683 Parthenii
558 2605 748 2705 quondam
765 2605 899 2678 meruit
925 2632 1021 2705 quae
1046 2605 1213 2707 praemia
1244 2605 1329 2695 veli,

347 2732 533 2804 Dilectam
557 2729 657 2817 lesu,
684 2743 721 2797 et
743 2723 853 2795 Pueri
878 2726 1050 2799 coelestis
1082 2722 1268 2799 amantem
1480 2734 1545 2803 500

347 2848 563 2926 iuditham‘?
588 2849 661 2920 huc
684 2845 798 2919 talem
823 2846 1045 2947 armigeram
1071 2836 1152 2946 quis
1179 2864 1350 2945 tempore
1374 2840 1442 2916 tali

346 2967 709 3072 improvisamladeo
735 2946 870 3067 supera
896 2946 1129 3068 expectasset
1150 2970 1197 3043 ab
1224 2994 1316 3041 aura
1392 2948 1395 2955 ‚

345 3085 579 3168 Venturam?
604 3087 673 3159 Illa
698 3104 789 3175 erat,
812 3086 877 3157 illa
902 3106 1025 3159 tamen
1051 3094 1126 3189 jam
1153 3077 1321 3193 corporis
1356 3108 1500 3186 expers,

347 3211 493 3286 Praeda
517 3232 649 3282 recens
674 3208 803 3280 mortis
827 3204 907 3279 fato
933 3208 1079 3285 sublata
1103 3228 1274 3311 repente.

347 3335 520 3431 Namque
545 3329 644 3428 agris
669 3352 787 3426 nuper
813 3352 897 3398 sero
925 3325 1012 3406 dum
1038 3358 1191 3433 vespere
1218 3331 1394 3403 anethum
1479 3338 1545 3409 505

347 3452 537 3552 Aequales
562 3450 659 3523 inter
682 3446 826 3545 legeret
850 3449 1099 3547 pulcherrima
1120 3451 1325 3551 nymphas,

348 3573 427 3645 Seu
448 3573 555 3667 rigua
575 3569 725 3641 latitans
750 3568 868 3644 malus
894 3574 1025 3671 anguis
1050 3573 1200 3649 laeserit
1224 3571 1355 3660 herba,

351 3692 438 3767 Sive
463 3691 564 3765 aliud
589 3685 721 3786 (longo
748 3714 834 3760 nam
859 3689 960 3763 fama
989 3692 1185 3779 obscurior
1210 3690 1320 3790 aevo)

349 3984 387 4035 V.
404 3986 467 4038 484.
495 3987 645 4051 Angustus,
670 3986 855 4037 nummorum
869 3986 1030 4057 imperator,
1059 3990 1245 4057 Palaestinam
1260 3986 1412 4039 interdlios
1433 3984 1550 4037 Herodis

492 4077 529 4124 11.
549 4076 653 4125 divisit.
718 4127 720 4130 .

351 4165 388 4217 V.
407 4168 470 4219 499.
490 4165 749 4219 constantinus
768 4170 805 4219 111.
813 4170 966 4231 imperetur
973 4174 1065 4232 (natus
1080 4189 1150 4228 anno
1161 4177 1213 4228 974
1226 4178 1349 4225 mortuus
1363 4170 1438 4236 ³³⁷),
1456 4178 1550 4229 189911

405 4244 409 4250 ’
491 4260 628 4311 ecelesiae
644 4262 810 4312 christianae
821 4263 1081 4337 incrementumque,
1099 4268 1172 4319 omni
1183 4277 1235 4331 quo
1252 4265 1312 4319 lieri
1325 4263 1434 4327 poterat
1448 4258 1549 4323 studio,

489 4352 597 4403 adtulit.
633 4353 866 4403 cusenderius
896 4354 1037 4406 Constant.

355 4442 392 4494 v.
410 4445 472 4498 491.
490 4444 678 4509 Insubres,
696 4446 812 4506 populus
828 4445 937 4497 unitae
949 4449 1164 4516 transpadanae,
1182 4446 1366 4502 Mediolanum
1379 4445 1475 4499 urbem
1487 4452 1549 4493 con·

495 4537 598 4588 didere.
632 4536 757 4600 hiteript
775 4550 821 4599 ap.
839 4538 972 4590 Murator.
990 4541 1053 4606 119,
1072 4542 1100 4593 t.

357 4630 474 4681 11.491.
510 4629 680 4679 Jordanis
702 4631 864 4681 Amazon.
902 4631 945 4683 01.
962 4631 999 4699 V,
1017 4634 1078 4685 999.

355 4722 390 4771 V.
410 4724 472 4773 191.
489 4722 508 4771 J
516 4721 673 4772 editham
690 4721 713 4790 l,
730 4722 792 4775 199.
811 4722 861 4788 lV,
879 4725 941 4775 914.
959 4721 996 4791 V,
1015 4726 1067 4777 999
1084 4728 1114 4776 et
1138 4726 1200 4779 191.
