3634 5667
700 569 1037 644 nlenten.
1348 517 1521 656 ,ὅδ’

267 775 317 845 Et
340 769 449 846 violis
473 765 617 842 crinem
639 765 869 868 praecinctit
892 788 965 838 neo
988 789 1105 842 mora.
1155 768 1357 868 Postquam

267 895 433 967 Ventum
458 907 515 962 est
539 888 688 962 stellato
711 886 781 962 sub
807 886 871 960 dio
895 885 946 960 ad
970 865 1207 960 limina‘nota
1398 907 1470 980 310

268 1011 502 1084 summissim
522 1008 619 1082 inter
644 1009 890 1110 septimum,
916 1007 1123 1107 intentique
1150 1035 1308 1084 canoras

269 1132 432 1205 Auribus
459 1130 653 1231 explorant
677 1129 858 1224 chordas,
878 1127 1109 1228 tenduntque
1133 1131 1398 1233 remittuntquo
1486 1203 1489 1208 .

267 1253 329 1325 Ad
359 1277 535 1324 numeros
557 1251 696 1326 'calami
721 1270 857 1326 certos.
907 1249 1133 1350 Cunctisque
1158 1253 1297 1350 paratis
1368 1299 1370 1304 ·

269 1376 367 1445 Dum
392 1374 550 1473 quisque
575 1370 711 1446 officiis
737 1389 879 1462 certat,
904 1369 1121 1472 primusque
1146 1371 1295 1445 recusat
1421 1350 1425 1366 Ι

269 1495 458 1595 Rumpere
483 1520 575 1594 prae
599 1495 756 1595 reliquis
780 1511 966 1567 nocturna
989 1490 1136 1565 silentia
1160 1517 1273 1586 voce,
1351 1526 1354 1540 ·
1398 1508 1469 1578 315

267 1616 351 1712 lpse
377 1639 532 1707 canam,
556 1615 669 1690 finem
691 1617 900 1718 positurus,
926 1611 1107 1712 Didymus
1132 1611 1271 1710 iuquit:

266 1735 365 1806 Nam
389 1761 539 1828 vereor,
565 1738 599 1812 si
622 1738 722 1812 forte
746 1761 841 1837 puer
864 1758 931 1807 ros
957 1730 1138 1805 candidus
1167 1731 1234 1804 ille

265 1852 426 1944 Audiat,
453 1857 554 1929 haud
578 1884 744 1957 unquam
768 1855 960 1956 vigilantes
985 1851 1133 1926 claudet
1159 1854 1300 1928 ocellos
1307 1882 1321 1952 3

265 1973 396 2072 Usque
420 1973 517 2047 adeo
542 1994 682 2050 vestras
707 1977 815 2051 dulce
839 1993 897 2048 est
922 1972 1051 2048 audire
1077 1990 1288 2056 camoenas.

264 2093 537 2168 Insidiatricem
560 2098 861 2197 venatricemque
886 2095 1035 2196 soporis
1353 2107 1356 2118 ’
1397 2107 1469 2179 320

264 2214 459 2286 Fabellam
481 2216 661 2309 meditor,
688 2243 785 2318 quae
809 2214 937 2292 taedia
960 2213 1270 2315 languoremqua¹

263 2337 448 2409 Paulatim
472 2339 646 2412 insinuet.
696 2337 815 2412 Simul
840 2362 931 2436 ergo
952 2361 1022 2436 per
1047 2346 1136 2410 ae'ra
1153 2361 1306 2410 somnos

263 2456 445 2530 Videritia
472 2457 581 2532 coelo
607 2456 804 2559 delapsos,
830 2457 933 2529 illico
953 2455 1063 2529 nohis

262 2560 516 2674 Gessandum3
543 2580 657 2679 inque
681 2566 839 2651 humiles
863 2574 968 2648 nullo
995 2577 1158 2650 elamore
1183 2573 1369 2647 fenestras

264 2696 433 2796 Cogendi
457 2697 568 2773 belle.
618 2699 744 2771 Facile
768 2716 827 2774 est
852 2722 1078 2797 agnosceret
1103 2696 1254 2797 plumae
1395 2707 1464 2780 525

263 2815 361 2888 Sunt
385 2817 547 2892 humeris
572 2819 717 2908 variae,
743 2835 829 2893 sunt
853 2818 941 2890 alba
965 2842 1154 2918 papavera
1178 2817 1318 2888 circum

260 2937 471 3037 Tempora,
496 2937 756 3039 populeosque
781 2938 924 3039 agitant
948 2937 1029 3008 sine
1054 2963 1239 3010 murmure
1264 2965 1401 3015 ramos.

255 3056 328 3128 ‘His
354 3057 408 3128 ita
432 3056 650 3158 compositis
675 3085 745 3160 per
770 3083 891 3160 opaca
917 3056 1064 3132 silentia
1088 3075 1218 3159 pastor

262 3175 478 3251 Concordes
504 3181 601 3252 inter
627 3180 788 3254 citharas
811 3182 867 3255 sie
892 3205 960 3252 ora
980 3179 1154 3284 resolvit:

260 3295 299 3395 a)
327 3297 519 3372 Humerus
544 3300 772 3402 peragrabat
796 3304 913 3373 Amor
938 3300 1017 3372 aine
1042 3299 1200 3390 viribus,
1227 3321 1339 3402 aeger
1391 3318 1464 3385 350

258 3417 503 3495 iamdudumt
528 3419 655 3512 furtim
678 3446 840 3521 namque
864 3421 928 3492 ille
952 3417 1168 3493 comederat
1191 3421 1302 3495 horto

258 3541 385 3611 Aurea
408 3565 541 3640 poma,
566 3540 687 3614 latens
712 3565 808 3640 quae
833 3539 931 3612 forte
956 3541 1139 3614 infecerat
1164 3543 1314 3642 angui-sa

260 3659 500 3758 Optabatque
525 3662 638 3732 miser
662 3662 858 3760 quiddam,
883 3687 956 3734 nec
982 3663 1072 3763 quid
1092 3663 1169 3738 sibi
1193 3665 1316 3760 vellet,

259 3781 392 3852 Infelix
416 3799 526 3855 norat
533 3808 546 3878 3
573 3782 642 3855 aed
667 3799 774 3854 erant
798 3781 1048 3857 medicamina-
1072 3784 1267 3885 quaedam,

258 3897 301 3999 h)
316 3901 422 4000 Quae
445 3918 572 3974 tamen
597 3903 698 3976 haud
717 3902 802 3976 ullis
825 3919 975 4003 poterat
991 3905 1212 4004 conquirere
1234 3909 1357 3982 terris.
1385 3921 1458 3992 335

259 4151 292 4202 v.
303 4155 364 4206 tlt.
379 4153 451 4204 Edit.
469 4152 597 4212 Venetas
613 4157 686 4211 Nam
698 4170 817 4228 vercor,
835 4159 862 4211 at
878 4160 956 4214 sorta·
970 4173 1038 4224 puer
1054 4171 1107 4212 voa
1124 4159 1173 4214 ills
1195 4166 1326 4214 careno

259 4263 353 4319 Mle
375 4268 447 4318 inter
461 4272 489 4319 ct
507 4272 559 4323 82⁰
577 4271 650 4322 Edit.
669 4271 769 4323 venet.
787 4274 882 4336 pontt:

359 4357 423 4422 lpse
446 4365 554 4429 autem,
581 4369 710 4426 qnantum
726 4378 811 4417 rauco
828 4359 1011 4418 modulamine
1027 4374 1148 4434 possum,

419 4470 449 4537 a)
466 4476 551 4524 Amor
568 4477 701 4527 humanus
719 4491 814 4546 aeger.
833 4481 1060 4549 (adnotationes,
1082 4493 1150 4546 quas
1168 4481 1219 4531 sub
1243 4475 1285 4533 lit.
1304 4485 1334 4541 a)
1353 4483 1383 4543 t)
1394 4490 1451 4538 eta·

475 4565 634 4634 inferimus,
665 4570 752 4632 ipsius
769 4570 889 4622 Cavea
906 4575 995 4632 suno«

419 4655 450 4712 t)
466 4666 600 4721 nunquam
617 4661 723 4714 invenlt
738 4663 873 4714 remedia«

1216 4769 1239 4833 3
