3634 5667
371 639 441 715 132
814 624 1159 699 LIBERVII.

256 855 259 867 ·
380 817 383 821 ⁴
468 820 540 892 Hei
562 818 670 892 mihi!
697 836 808 892 nocte
833 818 896 893 diu
920 820 1019 921 vigili
1047 820 1152 920 (nam
1174 837 1343 922 tempore
1368 820 1483 923 longo

372 940 531 1013 Laetitia
552 940 759 1013 insomnem
783 941 917 1040 tenuit)
941 959 1018 1013 tum
1041 940 1192 1015 roscida
1215 942 1374 1042 primum

370 1060 553 1133 Attulerat
576 1060 683 1135 lassis
709 1061 884 1135 membris
910 1087 1044 1135 aurora
1069 1063 1241 1165 quietem.
1421 1078 1424 1084 '
1492 1078 1563 1146 275

369 1182 525 1280 Jamque
548 1198 633 1255 orto
660 1180 739 1254 sole
765 1200 802 1255 et
827 1180 961 1255 diffuso
986 1182 1123 1255 lumine
1148 1182 1267 1256 nostri

366 1308 604 1376 Immemores
631 1304 725 1377 aliae
750 1330 819 1404 per
842 1304 960 1380 florea
984 1329 1072 1376 rura
1095 1303 1242 1404 puellae

367 1412 553 1499 Errabant
582 1424 688 1498 laetis
709 1422 943 1499 clamoribus.
993 1425 1124 1498 Excita
1149 1451 1280 1500 somno

366 1546 489 1619 Audio
513 1546 669 1646 garritus
695 1545 926 1645 confusaque
952 1572 1140 1619 murmura
1162 1572 1305 1621 vocum.

366 1670 481 1759 Hem,
505 1666 660 1760 Rachel,
685 1665 848 1755 Rachel,
875 1684 966 1767 quot
991 1668 1030 1738 in
1055 1694 1129 1740 uno
1154 1653 1302 1769 persica
1324 1670 1453 1742 ramo!
1490 1680 1561 1751 280

284 1809 286 1813 ‘
367 1788 528 1861 Obellat
548 1786 762 1901 Hieriolae,
785 1786 973 1879 hicriolae
988 1803 1024 1859 et
1032 1786 1152 1888 fraga,
1179 1789 1246 1862 hic'
1263 1816 1413 1889 quoque
1432 1788 1540 1889 fraga
1546 1817 1559 1883 5

365 1914 423 1983 En
449 1934 600 2000 cerasa,
626 1933 674 1979 en
699 1904 802 1979 cedri
810 1934 823 2001 5
846 1907 972 2007 pueri,
997 1933 1045 1980 ne
1072 1909 1234 2009 carpite,
1260 1910 1423 2000 Zambri,

363 2034 380 2101 Ι
401 2054 563 2132 propere
589 2027 637 2101 ad
661 2044 837 2117 matrem,
863 2026 1032 2101 calathos
1057 2028 1155 2101 ferat
1163 2057 1176 2125 3
1203 2032 1351 2130 aspice,
1377 2032 1514 2124 Ebere,

364 2151 522 2250 Aspice,
547 2175 616 2251 per
641 2173 817 2248 superos,
842 2146 936 2220 haec
957 2147 1107 2224 arbuta:
1133 2152 1280 2251 suspice
1305 2133 1453 2249 Ruben,

364 2271 478 2371 Quae‘
493 2271 593 2344 mala
617 2268 790 2341 insistunt
815 2267 883 2340 tibi
906 2269 1090 2369 pendulae
1115 2276 1233 2370 Perge
1259 2272 1393 2373 puella,
1486 2288 1557 2358 985

363 2392 466 2493 Quae
491 2388 629 2465 mora?
654 2417 769 2491 perge
795 2389 887 2466 citet
920 2392 1027 2490 Fugit
1050 2391 1115 2463 illa
1140 2392 1325 2465 simillima
1348 2412 1482 2489 vento,

360 2514 498 2606 Mater,
524 2515 581 2589 io!
604 2513 805 2613 improvisa
830 2529 974 2606 aestas,
999 2512 1176 2584 miracula
1201 2538 1337 2605 rerum,

360 2635 567 2735 Turgentes
583 2659 695 2723 uvae,
720 2658 816 2734 pyra
840 2657 1027 2733 pomaque
1053 2634 1158 2705 nata!
1184 2631 1334 2705 Relicto

360 2755 486 2854 Ocyus
511 2780 532 2827 e
558 2770 675 2828 strato
692 2755 795 2826 miris
812 2752 924 2835 ,feror
952 2752 1071 2825 excita
1095 2753 1291 2829 monstrist

358 2876 554 2947 Necmora
570 2874 703 2975 longa,
729 2873 860 2947 adsum
873 2900 957 2948 cum
976 2892 1095 2947 matre
1115 2872 1359 2987 ettcorbibust
1384 2900 1458 2946 una
1484 2886 1554 2959 290

245 3037 247 3042 ·
359 2994 606 3094 Consequitur
631 2994 802 3068 Zambris
828 3020 955 3086 soror,
982 3013 1094 3094 atque
1125 2995 1316 3096 incompta
1339 2996 1531 3086 Nohemis,

356 3116 429 3190 Vir
452 3141 605 3215 possum
629 3118 724 3187 haec
748 3140 958 3187 memorans
985 3115 1157 3189 lacrimas
1180 3116 1342 3187 retinere
1364 3114 1553 3195 cadentes.

357 3236 541 3311 Tollimur
566 3234 617 3309 ad
642 3234 788 3308 coelum
809 3234 974 3336 palmas,
1007 3235 1290 3335 stupefactaque
1316 3235 1454 3308 circum

356 3360 514 3431 Lumina
537 3380 739 3436 versamus.
791 3356 886 3429 Sunt
909 3357 1005 3428 haec
1030 3356 1207 3429 eoelestia
1233 3356 1344 3447 dona,

356 3480 460 3577 Quae
485 3478 650 3580 tetigisse
674 3476 803 3572 nefas,
831 3479 882 3551 ait
906 3478 1010 3551 Abra
1024 3506 1036 3572 3
1062 3478 1202 3549 intacta
1227 3476 1390 3548 feramus
1481 3488 1549 3575 295

352 3600 531 3673 Bethlaeo
556 3599 712 3672 Infanti:
739 3599 852 3672 Foliis
877 3600 1042 3673 insterne
1069 3597 1277 3698 quasillum,

354 3718 542 3819 Sephorat
567 3746 632 3794 vos
657 3718 793 3826 viglas,
818 3747 883 3795 vos
909 3720 1055 3821 porgite
1080 3720 1206 3819 fraga,
1232 3716 1379 3819 puellae
1388 3744 1401 3811 3

352 3839 450 3929 Vos,
476 3841 648 3938 juvenes,
673 3842 814 3913 truncis
839 3842 1019 3931 insistite,
1046 3839 1213 3937 citraque
1239 3836 1349 3911 nobis

351 3958 510 4056 Dejicite
537 3960 694 4032 exalto.
745 3960 922 4033 insistunt
944 3958 1145 4032 ramalibus
1172 3956 1282 4029 ambo

352 4079 525 4149 Protinus
553 4079 686 4151 exertis
711 4080 891 4153 Jonathns
918 4097 955 4152 et
977 4083 1082 4152 Beno
1107 4078 1278 4151 lacertist
1480 4087 1548 4155 300

354 4199 472 4270 Cerea
495 4226 616 4300 pruna
641 4198 780 4273 cadunt
803 4201 1062 4301 melimeleque
1076 4198 1222 4301 ,perlita
1246 4219 1352 4271 roret

350 4449 385 4497 v.
406 4451 467 4502 teo.
486 4449 558 4499 Edit.
578 4451 677 4501 venet.
696 4452 786 4503 addit:

447 4535 448 4539 ’
557 4535 766 4595 tenatorum
784 4544 961 4609 coquiturque
980 4544 1096 4595 catellus
1118 4547 1236 4593 euntem.

348 4632 382 4679 V.
404 4633 465 4685 tot.
484 4633 557 4685 Edit.
574 4632 674 4684 Venet.
694 4637 795 4686 mutat:

558 4726 742 4789 Consequitur
758 4740 840 4781 soror
856 4733 940 4793 atque
958 4728 1086 4779 incomtlr
1105 4729 1176 4783 Stra
1194 4724 1312 4789 capillis.
