3634 5667
306 457 422 571 ss
679 483 1075 577 ,clenni

306 685 411 757 Gens
436 683 568 782 ignara
593 681 724 767 deum:
746 681 870 757 dubiis
893 683 983 758 hin'c
1008 683 1133 756 omina
1157 683 1270 758 rebus

303 807 476 893 Poscere,
500 803 757 904 perfusaeque
771 829 876 876 mero
902 831 988 877 cum
1011 804 1117 895 lacte¹
1135 803 1307 882 solebant
1369 837 1372 844 ·
1451 792 1480 864 ,¹

303 929 468 1026 Pergere
491 926 679 1027 primitias·
697 926 862 1026 frugum,
889 927 1071 1001 solemnia
1093 925 1204 999 dona.

304 1051 417 1124 Forte
443 1047 523 1122 dies
544 1047 692 1140 aderat,
721 1075 796 1147 qua
821 1050 977 1149 simplex
999 1047 1109 1122 turba
1134 1047 1333 1148 quotannis
1448 1053 1449 1058 ’
1523 1117 1527 1125 ,

303 1168 366 1245 Ad
388 1168 568 1268 liquidum
594 1163 756 1257 fontem,
783 1169 908 1243 fatalis
935 1171 995 1242 cui
1009 1194 1132 1272 ¹super
1157 1167 1279 1241 arbor¹
1430 1181 1503 1248 170
1538 1239 1539 1242 ,

303 1291 495 1382 Imminet,
521 1307 670 1362 exercet
693 1287 821 1381 ludos,
848 1290 1042 1392 epulisque
1066 1290 1242 1393 peractis,

294 1412 496 1489 ‘obscoeni
520 1413 682 1484 nemoris
705 1409 846 1487 velatus
870 1430 1041 1514 tempora
1067 1413 1208 1486 circum

302 1533 480 1608 Deoiduis
506 1534 623 1626 foliis,
646 1559 829 1634 responsa
853 1551 1025 1636 expectat
1051 1559 1221 1636 aruspex.

303 1661 455 1733 At-nou
482 1685 502 1730 e
528 1647 664 1740 ramis}
689 1672 730 1730 ut
753 1655 920 1757 pridem,
948 1655 1108 1730 audirier
1135 1655 1212 1728 ales

302 1781 451 1870 Incola,
478 1806 549 1852 nec
573 1777 768 1878 precibus,
792 1802 864 1849 nec
890 1776 999 1850 donis
1024 1777 1167 1850 flectier
1192 1775 1289 1854 ullis.
1370 1821 1373 1826 -
1432 1785 1502 1856 175

303 1898 505 1974 Adduxere
527 1901 673 2000 nigrum
697 1897 935 1972 mactandum
958 1899 1030 1970 rite
1056 1899 1263 1994 juvencum,
1531 1897 1533 1900 ’

303 2010 754 2125 Instaurantque-epulas.
805 2022 902 2089 Tum
927 2043 1014 2093 vero
1042 2019 1195 2098 emissus
1221 2016 1269 2088 ab
1295 2041 1389 2088 oruc

303 2145 445 2219 Feralis
472 2146 646 2246 gemitus,
672 2165 815 2244 voxque
841 2138 1013 2212 exaudita
1037 2164 1106 2238 per
1132 2160 1262 2210 auras:

302 2267 366 2338 Me
390 2293 484 2366 puer
508 2267 722 2356 Hebraeus,
749 2264 810 2337 cui
833 2261 943 2336 tellus
970 2271 1145 2360 astraque
1169 2260 1326 2334 subsunt

302 2386 488 2487 Imperio,
512 2389 587 2461 huc
611 2388 762 2472 'veniens
787 2385 948 2484 migrare
973 2381 1013 2453 in
1038 2385 1197 2454 Tartaru
1223 2380 1336 2480 cogit.
1433 2389 1506 2462 180

302 2508 499 2610 Diriguere
522 2529 642 2605 metu,
668 2529 708 2586 et
732 2509 874 2583 circum
897 2524 1058 2592 tremere
1083 2503 1208 2584 omnia
1231 2503 1322 2592 vise,

303 2630 393 2703 Mox
418 2632 509 2706 nido
538 2633 714 2708 exhalare
739 2633 845 2732 niger
868 2652 1005 2731 vapor,
1031 2623 1118 2696 inde
1143 2641 1299 2728 repente

303 2753 507 2829 Tartareus
530 2756 682 2830 volucer
708 2780 836 2828 coram
862 2777 902 2824 se
929 2745 1076 2824 sustulit
1100 2744 1169 2818 alis

200 2876 202 2879 ⁵
302 2874 522 2952 Horrendus
547 2876 637 2950 visu.
688 2877 764 2946 Ter
790 2872 923 2975 pennis
950 2869 1083 2942 circuit
1104 2867 1195 2940 atris

305 2995 509 3096 Antiquam
533 2994 683 3089 sedemt
707 3011 765 3066 tor
790 2993 941 3067 summis
968 2988 1090 3062 sidere
1115 2987 1229 3072 ramis
1436 2993 1506 3062 185

307 3115 491 3209 conatus,
514 3144 630 3193 rauco
653 3133 712 3188 ter
736 3141 821 3188 cum
845 3111 1005 3186 stridore
1032 3107 1223 3207 relapsus:

305 3239 399 3316 lude
426 3240 539 3341 fugit,
565 3237 806 3338 sequiturque
830 3234 958 3332 lugam
980 3228 1217 3302 foedissimus
1244 3224 1365 3297 imber
1394 3217 1419 3230 ”
1518 3317 1519 3324 ¹

308 3360 501 3434 Grandine
527 3359 764 3453 commixtus5
784 3374 861 3428 tum
886 3352 1041 3453 glebae,
1069 3365 1107 3421 et
1132 3346 1286 3448 grandia
1313 3370 1402 3419 saxa

309 3481 489 3583 Gonjecta
514 3482 553 3554 in
578 3498 747 3582 peteras,
772 3475 1013 3572 revolutaque
1038 3469 1175 3574 pocula
1201 3469 1351 3542 mensis.

307 3602 416 3683 illico
442 3602 658 3702 diffugiunt,
682 3617 801 3673 metus
827 3615 865 3670 et
887 3622 1003 3697 pavor
1029 3591 1155 3665 omnia
1178 3590 1342 3677 turbant,
1436 3600 1509 3668 190

309 3725 580 3824 Solemnesque
607 3722 746 3823 dapes,
772 3720 987 3816 infectaque
1012 3739 1119 3787 secra
1139 3711 1366 3810 relinquunt.

384 3847 556 3920 Substitit
580 3845 642 3916 hic
668 3843 793 3916 senior
816 3837 990 3940 paulum,
1033 3834 1282 3932 interfataque
1308 3831 1408 3902 Diua
1433 3845 1512 3901 ests

311 3968 402 4069 Quis
428 3995 524 4069 puer
547 3967 613 4045 ille
636 3982 780 4053 autem,
807 3960 946 4060 stygius
970 3983 1080 4056 quem
1107 3955 1249 4027 dixerat
1274 3947 1379 4022 ales?

309 4089 421 4171 Nunc
443 4113 581 4186 sequar
607 4087 762 4186 (hospes
787 4083 856 4181 ait)
883 4079 993 4154 siccis
1018 4076 1218 4186 permittite
1243 4071 1372 4159 labris,

184 4243 189 4313 ς
258 4226 260 4245 “
312 4207 428 4307 (Nam
454 4208 578 4280 crudis
604 4207 731 4313 caepis
756 4231 826 4284 vox
850 4225 985 4303 aspera
1014 4196 1184 4314 l'aucibus
1209 4193 1346 4292 haesit)
1439 4205 1510 4273 195

309 4348 731 4378 nw-—n—-n—q-p
1171 4372 1172 4384 ἵ

311 4421 348 4472 v.
368 4425 429 4481 tte,
449 4418 640 4479 obscoeni.
658 4417 709 4475 Ed.
728 4413 855 4467 venetur
877 4409 1064 4466 frondosi·

312 4512 347 4563 V.
369 4517 429 4566 182.
448 4514 521 4563 Edit.
540 4514 639 4563 venet.
660 4510 679 4569 1,
698 4509 809 4573 prodire
827 4518 877 4575 pro
896 4505 1082 4562 exhalare.

313 4605 349 4664 V·
371 4608 430 4661 tea
449 4605 613 4678 Stygius.
649 4603 697 4656 111.
717 4604 778 4660 112,
