3634 5667
345 508 419 586 134
748 498 779 565 L
803 496 822 567 1
844 495 875 565 B
895 496 933 568 ,Ε
956 496 991 567 R
1039 493 1119 568 Vll.

332 693 506 777 „Omnino
530 690 682 766 institui.
732 692 784 765 At
807 690 943 766 Ruben
967 692 1146 765 maturior
1169 692 1277 767 aunis

340 799 506 891 Ploranti
529 812 650 887 bonus
675 830 787 914 atque
812 836 952 913 aequus
979 836 1045 885 sua
1069 820 1223 887 munera
1248 813 1373 895 cessit.

339 937 493 1036 Pergits·
511 935 606 1035 jam,
629 952 781 1025 matres,
805 933 937 1034 inquit,
964 958 1050 1006 nam
1075 935 1207 1009 semita
1230 934 1343 1036 longa
1368 908 1436 1012 esi.
1463 950 1536 1020 355

339 1057 413 1130 Hic
439 1081 532 1156 ego,
556 1058 754 1132 Rethlaeos
780 1056 868 1130 dum
891 1080 958 1130 vos
978 1056 1190 1157 properatis
1214 1056 1253 1128 in
1278 1081 1401 1156 agros,

337 1176 508 1253 Servabo
531 1178 676 1251 interea
699 1177 794 1251 fidus
817 1176 987 1278 pomaria
1011 1194 1150 1256 custos.
1239 1174 1242 1181 ’

315 1337 318 1343 ,
436 1301 536 1397 Ergo
562 1299 730 1389 alacres,
756 1323 898 1373 summo
924 1314 1113 1397 gestantes
1138 1298 1276 1371 vertice
1301 1312 1421 1372 textas

338 1417 547 1493 Viminibus
573 1418 730 1511 corbes,
755 1418 884 1492 dextra
906 1418 1086 1519 laevaque
1109 1418 1327 1519 prehensas,

335 1540 436 1610 Imus
459 1564 529 1639 per
553 1564 709 1613 nemora
733 1556 771 1613 ct
795 1539 933 1616 saltust
960 1556 1069 1613 sonat
1092 1536 1256 1638 undique
1280 1539 1385 1614 vallis
1462 1552 1534 1631 340

336 1659 531 1733 Pastorum
557 1659 731 1757 calamis,
754 1661 1026 1762 thymbraeque
1054 1657 1231 1758 cedrique
1254 1663 1417 1735 recentis

287 1843 290 1850 .
335 1782 430 1851 Late
455 1779 549 1853 odor
574 1778 731 1854 efflatur.
781 1784 964 1854 Mirantur
988 1806 1143 1854 munera
1165 1780 1275 1870 reris,

334 1902 587 2001 Extantesque
610 1927 717 2001 rosas
744 1902 899 1977 calathis
925 1920 963 1976 et
982 1900 1141 1975 frondea
1167 1916 1268 1975 serta

335 2021 528 2094 Attonitae
552 2022 694 2123 passim
716 2040 855 2097 matres
880 2019 1063 2124 puerique
1088 2042 1290 2119 nurusque,

335 2139 561 2242 Effusaeque
584 2159 696 2225 ruunt
719 2144 848 2245 pagis,
874 2163 988 2245 atque
1013 2143 1160 2243 agmina
1184 2142 1351 2241 jungunt.
1462 2150 1533 2230 345

334 2262 514 2335 Venimus
539 2263 589 2337 ad
612 2267 722 2338 Pueri
747 2291 861 2340 cunas
891 2266 967 2366 jam
992 2263 1071 2339 sole
1097 2261 1274 2337 eadentet

334 2383 533 2484 Primaque
546 2385 701 2486 Daphra
715 2413 867 2488 parens,
892 2402 1093 2488 postquam
1109 2382 1156 2456 de
1174 2408 1282 2456 more
1303 2381 1462 2455 salntem

336 2502 498 2579 Obtulits
523 2506 639 2597 Hace,
662 2507 795 2608 inquit,
820 2512 953 2598 Mater,
977 2506 1046 2579 tibi
1067 2503 1229 2607 paucula
1253 2504 1372 2577 nostri

333 2624 491 2697 Munera
513 2625 627 2700 vineti
652 2628 821 2722 tulimus,
846 2630 1023 2729 foliisque
1046 2624 1212 2699 reductis

334 2745 521 2846 Explicuit
545 2745 674 2821 donas·
692 2768 730 2823 et
754 2751 891 2825 salices
917 2766 954 2824 et
978 2749 1113 2850 juncea
1136 2745 1237 2846 rupit
1461 2747 1559 2825 350*

334 2864 471 2939 Vincla
495 2892 619 2943 manu.
670 2870 839 2945 Genitrix
861 2890 903 2945 ut
928 2871 1036 2971 fraga
1055 2867 1230 2941 rubentia
1253 2863 1344 2941 vidit

333 2988 383 3069 Et
405 2989 594 3063 matutinis
618 2994 786 3067 rorantia
809 2993 960 3095 persica
982 2989 1148 3091 gemmis,

337 3106 493 3179 Sustulit
517 3107 567 3181 ad
592 3111 738 3183 eoelum
761 3113 927 3214 palmas,
951 3110 1177 3213 paulumque
1203 3123 1349 3180 morata

336 3227 413 3300 Orc
439 3254 551 3329 super
576 3232 677 3305 stetit
702 3232 909 3307 admirans:
932 3229 1042 3305 Unde
1066 3229 1139 3301 ista
1160 3242 1316 3326 repente

335 3347 481 3449 Copia?
507 3352 634 3450 queis,
660 3355 799 3453 inquit,
822 3353 1024 3452 decerptae
1048 3351 1087 3423 in
1114 3347 1273 3422 collibus
1300 3344 1422 3421 uvae?
1461 3361 1532 3429 355

332 3470 594 3571 versabatque
619 3500 732 3546 manu
751 3474 878 3547 ridens
903 3497 1003 3544 nune
1028 3464 1302 3559 Punica'mala,

334 3590 444 3663 Nunc
469 3593 557 3685 hos,
583 3622 684 3669 nune
708 3595 793 3669 illos
818 3593 952 3671 floreat
975 3617 1062 3664 mox
1088 3590 1219 3664 sedula
1242 3614 1364 3690 prono

273 3747 278 3753 ·
332 3709 485 3785 Vertiee
511 3732 646 3805 cuncta
670 3716 798 3815 legens
824 3730 926 3788 terto
952 3711 999 3785 de
1021 3712 1155 3787 simine
1180 3712 1329 3784 botrum

335 3830 493 3909 Sustulit
515 3838 726 3939 ingentem,
751 3836 933 3939 puerique
960 3832 1122 3909 admovit
1146 3831 1291 3907 ocellis·
1348 3868 1350 3873 ·

253 3996 255 4004 π
333 3953 485 4029 Blander
503 3961 646 4059 agitans
668 3976 817 4032 teneras
835 3954 991 4031 frondes
1009 3978 1227 4053 ramumque
1244 3950 1433 4026 virentem.
1461 3962 1534 4029 360

333 4078 416 4150 Nec
440 4066 561 4154 minus
587 4081 675 4153 hinc
692 4078 852 4180 Zelphe,
876 4079 965 4151 hinc
988 4075 1133 4149 Rachel
1158 4073 1400 4169 formosaque
1428 4069 1534 4140 Beris

334 4198 522 4291 Blandiri,
548 4190 837 4301 autumnumque
861 4226 973 4272 manu
992 4187 1239 4298 praetendere
1266 4191 1408 4264 ocellis.

334 4319 401 4410 llle
428 4347 449 4392 e
475 4320 641 4397 fasciolis
667 4341 831 4395 exertam
853 4344 1013 4422 porgere
1044 4316 1223 4405 dextram,

335 4532 370 4602 Y.
390 4534 451 4603 3⁵⁰·
488 4536 588 4587 Mala
604 4509 681 4584 circa
699 4530 893 4597 Carthaginem
911 4532 938 4583 in
956 4530 1052 4582 ,africa
1065 4528 1209 4593 plurimum
1227 4523 1418 4591 provenientia
1435 4522 1538 4574 rubens

477 4628 636 4707 unicum)
654 4627 758 4679 corium
774 4626 920 4695 habebant
941 4622 1046 4675 Colum.
1068 4624 1111 4689 10,
1131 4622 1192 4687 tlt.
