3634 5667
657 565 1056 673 ΙΜΒΕΗΝ.
1372 533 1483 652 ιὅτ.

290 761 385 834 Cum
409 757 545 830 densos
570 757 667 831 inter
691 785 821 860 vepres
843 759 1111 862 pulcherrimus
1130 763 1271 853 Infans,

290 868 360 953 'cui
377 879 511 952 'matris
535 866 643 953 dolor
668 897 779 980 atque
805 883 967 955 exercita
992 907 1080 954 cura
1105 908 1328 985 parumper,
1436 903 1484 972 70

289 1006 339 1073 Et
362 1019 493 1073 tenera
517 1001 680 1072 anxietas
699 1001 880 1104 fletusque
904 1003 1080 1104 placebat
1105 1007 1259 1078 amantis
1269 1033 1282 1103 3
1319 1043 1321 1048 ·

288 1121 455 1220 Populea
479 1121 607 1194 furtim
631 1147 714 1195 sese
740 1124 937 1199 occultavit
960 1125 1000 1196 in
1021 1125 1163 1212 umbra.
1215 1165 1218 1176 ·

288 1239 359 1313 Illa
383 1259 508 1312 tamen
526 1259 679 1342 coeptos
703 1268 894 1318 sermones
920 1246 1047 1320 nescia
1062 1245 1204 1319 fraudis

288 1361 418 1459 Usque
444 1361 687 1461 sequebatur,
712 1365 828 1436 ventis
853 1365 966 1439 rerba
990 1368 1094 1442 irrita
1118 1371 1273 1468 jactans.

288 1482 350 1551 Ab
376 1478 531 1558 misera!
556 1498 597 1553 ut
621 1483 855 1575 ventitasse,
882 1512 953 1558 nec
977 1489 1086 1585 ridit3
1113 1508 1153 1562 ut
1178 1493 1297 1564 omnis
1436 1507 1482 1574 75

288 1600 488 1702 Extemplo
513 1602 607 1700 fugit
628 1604 850 1702 praecordia
875 1607 915 1676 in
939 1607 1068 1682 intima
1094 1599 1262 1710 sanguis!
1291 1632 1293 1640 ’
1330 1595 1337 1606 ’
1394 1673 1399 1684 ,

290 1719 449 1819 Jamque
475 1722 571 1794 adeo
594 1722 792 1796 lacrimans
817 1724 995 1826 implebat
1017 1748 1152 1803 cuncta
1178 1730 1350 1832 querelis,

288 1840 468 1912 Pallidior
492 1841 609 1931 buxo,
634 1844 818 1943 vestigans
844 1848 970 1920 omnia
995 1851 1155 1926 circum:

290 1960 383 2032 cum
407 1960 531 2033 media
557 1987 753 2064 erumpens
778 1967 875 2040 inter
898 1969 1061 2042 lamenta
1084 1971 1231 2046 Puellus

290 2083 347 2150 Ex
371 2080 571 2180 improviso
599 2107 725 2156 coram
749 2089 860 2162 stetit.
911 2094 989 2164 Ab!
1015 2119 1118 2171 meus
1143 2094 1278 2186 infans,
1438 2109 1484 2180 80

290 2200 413 2297 Quam
437 2225 535 2300 pene
561 2206 738 2278 exanimis
763 2207 878 2306 rigui!
903 2213 1082 2286 Amisisse
1105 2233 1286 2317 putaram.

287 2319 355 2392 Sic
381 2321 703 2423 ait,'arripuitque
729 2354 841 2399 manu
864 2332 947 2406 nive
970 2333 1166 2434 frigidore:

265 2441 446 2512 ,Pectora
472 2441 593 2514 adbuc
618 2445 742 2543 gelido
767 2449 903 2522 saliunt
928 2479 1110 2526 concussa
1133 2457 1277 2533 timore.

388 2560 503 2631 Multa
528 2561 589 2633 hio
613 2582 829 2664 praetereo,
856 2598 953 2670 quae
981 2575 1013 2645 si
1037 2599 1244 2648 memorare
1271 2576 1440 2649 canendo

287 2678 429 2750 Cuncta
453 2680 582 2770 velim,
608 2674 752 2756 diversa
776 2691 885 2763 nimis
910 2695 1001 2765 mihi
1026 2697 1191 2792 carmina
1215 2698 1400 2771 aberrent.
1435 2710 1481 2780 85

286 2803 391 2870 Rene
408 2816 533 2871 tamen
560 2801 758 2875 obscuram
782 2807 883 2883 fama
906 2813 1008 2911 juvat
1032 2815 1161 2888 ordine
1186 2835 1303 2891 totam

285 2922 427 2990 Eruere
452 2921 492 2991 in
516 2920 656 3012 lucem,
683 2942 720 2997 et
745 2931 836 3004 seris
860 2935 1092 3029 ‚committere
1118 2938 1241 3031 seclis,

287 3038 331 3109 si
357 3041 440 3137 quis
466 3041 585 3117 honos
611 3048 723 3121 musis
747 3067 834 3149 post
859 3052 1010 3153 longum
1035 3061 1235 3133 accesserit
1260 3086 1407 3135 aevumr
1463 3091 1466 3096 ·

285 3159 395 3231 Unde
421 3185 559 3259 queant
583 3169 671 3240 olim
692 3171 876 3258 silvestres
903 3175 1287 3280 discere'Nympbae,

263 3301 266 3306 ·
287 3277 513 3379 Simplicitas
540 3313 652 3384 quam
679 3319 766 3366 cara
786 3294 868 3368 Deo
877 3347 888 3384 ‚
916 3323 1027 3395 quam
1051 3319 1230 3401 grataque
1255 3301 1356 3376 Divis
1431 3311 1477 3381 90

286 3401 321 3470 A
345 3405 483 3475 teneris
510 3426 639 3481 exacta
663 3413 768 3486 annis
794 3415 873 3488 sine
898 3415 982 3490 laba
1006 3421 1165 3518 juventa.
1454 3419 1455 3423 ¹

385 3521 467 3594 Jam
491 3529 652 3604 medium
676 3531 794 3606 ferme
820 3535 877 3606 sol
903 3562 1171 3614 conscensurus
1199 3541 1396 3642 Olympum
1499 3533 1501 3540 ⁵

284 3639 511 3716 Hortabatur
536 3674 671 3748 equos,
697 3672 735 3727 et
758 3655 889 3727 fraena
913 3655 1116 3733 resolverat
1140 3688 1273 3758 aurea3

288 3757 381 3830 cum
405 3764 523 3838 Maria
551 3787 587 3841 et
610 3773 764 3871 pulcher
788 3777 893 3850 Jesus
920 3777 1067 3852 deserta
1090 3807 1158 3881 per
1184 3809 1270 3857 arva

285 3881 471 3956 Thaboris
498 3887 547 3959 ad
571 3891 713 3965 laevam
737 3895 917 3971 frondoso
938 3900 1032 3974 colle
1056 3903 1187 3976 relicto
1422 3881 1473 3982 '95

285 4089 320 4140 V.
335 4094 379 4142 78.
403 4095 475 4145 Edit.
490 4097 588 4149 venet.
603 4113 653 4163 pro
669 4105 888 4170 vestigabat.
904 4109 1101 4176 lustralratque.

285 4182 320 4232 V.
335 4185 379 4236 89.
401 4187 582 4251 Nymphae
599 4192 804 4248 silvestres
820 4198 841 4248 l.
856 4211 883 4263 q.
898 4203 1005 4262 puellae
1021 4207 1201 4260 rursttearae.

284 4271 319 4323 V.
333 4277 381 4327 92.
405 4278 572 4344 Olympus
597 4283 763 4362 (Olenum,
785 4284 855 4360 ὅλος
876 4285 1024 4375 λάμπων),
1047 4299 1206 4361 Gomphues
1230 4305 1335 4352 montes
1365 4297 1473 4362 olympi

425 4387 603 4437 vocabantur.
628 4391 814 4456 Praecipuae
836 4390 924 4458 poetis
940 4400 1161 4465 Olympusmons
1182 4379 1338 4455 Thessaliae
1351 4403 1474 4453 celebra·

424 4477 477 4526 tur.
514 4479 603 4542 saepe
614 4493 662 4544 pro
683 4483 761 4555 coelo
779 4491 895 4550 ponitur.
917 4493 990 4544 Mela
1004 4497 1030 4562 2,
1048 4499 1072 4546 tl.
1088 4495 1167 4562 virg.
1186 4497 1245 4548 Eol.
1262 4501 1289 4564 6,
1307 4499 1350 4548 86.

284 4556 319 4610 V·
337 4563 381 4615 9³·
400 4566 496 4618 'stab
507 4583 523 4619 ⁰
533 4583 547 4619 r
559 4551 740 4656 Οῐτοιβύριῖῄ)Α
754 4595 831 4634 mona
843 4585 951 4636 mediae
964 4588 1107 4640 Galilaeae
1120 4603 1203 4652 prope
1212 4589 1350 4640 Nazareth
1365 4590 1393 4638 in
1413 4585 1474 4638 fini-

268 4673 271 4679 ·
387 4728 392 4735 x
424 4670 474 4722 hus
488 4676 606 4730 tribuum
627 4681 936 4738 lsaachardtzehulon.
956 4689 1205 4758 Jer.4s,1s.los.
1225 4694 1332 4756 antiqq.
1350 4697 1377 4759 l,
1402 4695 1428 4744 5.
1445 4692 1470 4754 ll.

1372 2434 1374 2439 .
1473 2400 1480 2432 Ι
1549 2419 1552 2426 ¹

1515 4519 1518 4532 ,
1542 4459 1554 4539 l
