3634 5667
607 595 612 613 ι
735 556 982 674 ultan
1030 557 1061 630 1.

312 755 536 856 Liharitqus
559 753 703 826 merum
725 751 841 854 pleno
865 753 954 846 tihi,
979 752 1174 845 Partheni,
1200 752 1321 846 vitro„

310 878 407 953 Inde
433 877 546 952 domo
570 893 744 976 egressus
770 877 911 951 nircum
936 873 1016 949 ibat
1039 872 1177 948 florida
1199 901 1301 968 rura,
1565 973 1567 984 Ι

312 999 496 1076 Vitiferos
521 996 678 1072 laudans
705 995 820 1070 eolles
847 1019 1050 1096 auramque
1076 993 1278 1078 salubrem.
1447 1015 1520 1086 315

313 1123 448 1194 Donec
473 1118 645 1219 longaevi
666 1135 815 1193 rentum
840 1135 899 1190 est
920 1116 1107 1192 Simeonis
1132 1117 1173 1190 in
1200 1117 1360 1211 hortum,

313 1244 446 1343 Nupta
467 1239 532 1312 uhi
556 1238 735 1312 Bethlaeo
760 1220 885 1339 juveni
908 1238 1161 1338 pulcherrima
1185 1237 1289 1314 Elisa

314 1365 500 1435 'l'raxerat
524 1377 710 1461 agrestem
734 1358 833 1433 festa
856 1358 906 1432 ad
931 1360 1099 1437 convivia
1122 1359 1283 1433 turbam.

315 1486 450 1556 Mensa
475 1481 530 1556 ihi
551 1499 694 1556 structa
717 1482 850 1581 ingens
871 1479 946 1586 ¹suh
972 1493 1094 1582 opato
1119 1483 1282 1581 tegmine
1308 1481 1415 1576 lauri,
1498 1529 1501 1536 «

314 1604 593 1707 Impositaeque
613 1629 730 1704 super
751 1602 878 1711 lances
901 1618 1134 1701 metretaque
1153 1602 1262 1702 nigro
1450 1617 1522 1688 320

318 1726 487 1799 Stannea
510 1725 625 1826 plena
648 1750 752 1798 mero
765 1777 783 1815 ‚¹
803 1739 841 1795 et
866 1722 995 1795 similis
1020 1723 1157 1796 Phario
1183 1723 1352 1798 obelisco

317 1845 460 1933 Caseus
485 1846 525 1918 in
549 1845 695 1936 medio,
721 1862 834 1944 atque
859 1859 1009 1932 anates,
1035 1843 1292 1946 fumantiaque
1319 1864 1414 1940 exta,

318 1967 580 2066 Convivaeque
604 1967 695 2039 boni
723 1965 863 2037 circum
869 2019 881 2056 ,
906 1963 1088 2065 puerique
1114 1961 1341 2067 operaeque,

316 2089 606 2187 Messoresque,
631 2086 720 2176 tiri,
747 2104 908 2188 nuptae,
934 2087 1187 2187 innuptaeque
1214 2089 1374 2189 puellae.

317 2209 368 2282 Jn
395 2205 518 2280 medio
544 2208 660 2281 lonas
685 2224 795 2308 peter
819 2208 860 2279 in
886 2206 1067 2280 cathedra
1094 2207 1267 2308 abiegna,
1451 2226 1523 2299 325

318 2330 497 2402 Thorace
522 2345 671 2417 exutus,
694 2329 864 2427 geminos
889 2327 1061 2426 interque
1085 2328 1273 2404 molossos

316 2452 413 2522 Iura
432 2448 557 2542 dabat.
608 2451 695 2522 Non
719 2449 782 2522 hie
805 2449 956 2540 famuli,
981 2473 1054 2521 neo
1078 2448 1208 2522 inutile
1231 2452 1379 2552 pondus
1453 2511 1457 2524 .

318 2571 496 2671 Argenti,
522 2584 560 2642 et
583 2594 701 2644 ranae
723 2569 807 2642 lites
834 2571 896 2644 oui
919 2570 1048 2644 dehita
1071 2570 1243 2672 primum,

318 2695 422 2767 Ante
448 2692 565 2794 dapes
590 2689 762 2763 manibus
786 2691 961 2792 lympha,
988 2708 1026 2764 et
1050 2691 1232 2769 subsellia
1254 2694 1394 2770 circum

318 2813 465 2888 Bellum
490 2815 741 2913 importunum
766 2812 830 2912 qui
852 2813 974 2913 prima
998 2812 1039 2885 in
1064 2812 1154 2890 sede
1178 2815 1378 2909 locandus,
1451 2835 1524 2902 330

320 2935 438 3037 Quive
462 2935 569 3008 locus
593 2934 794 3034 princeps,
819 2959 892 3008 nee
918 2932 1065 3034 dignior
1092 2935 1343 3037 expectandus
1456 2919 1458 2928 ¹

297 3057 395 3158 'Qui
420 3054 525 3128 bibat
550 3072 637 3127 ante
663 3055 777 3145 alior,
802 3071 933 3154 totque
958 3053 1055 3130 inter
1080 3029 1226 3132 fercula
1249 3058 1377 3150 tricae,

318 3177 494 3265 Jusoula,
521 3174 742 3278 pulticulae,
768 3175 932 3276 pastilli,
959 3167 997 3250 et
1021 3176 1163 3278 glutina
1187 3204 1332 3253 rerum:

321 3299 401 3372 Sed
428 3297 558 3399 quales
583 3313 716 3368 natura
741 3293 858 3396 dapes
885 3315 1006 3389 creat,
1034 3315 1146 3398 atque
1178 3298 1309 3398 labore

318 3425 457 3521 Empta
482 3419 623 3508 sames,
648 3417 841 3518 vultusque
860 3417 972 3510 boni,
999 3435 1036 3492 et
1056 3445 1169 3522 super
1185 3420 1312 3494 omnia
1326 3420 1424 3494 euris
1451 3435 1523 3503 335

318 3541 460 3614 Libera
483 3564 610 3629 mens,
636 3564 711 3638 qua
735 3538 953 3640 pauperiem
978 3538 1176 3613 clementia
1201 3541 1334 3616 Dirum

319 3665 542 3764 Temperat,
569 3659 741 3732 humanis
767 3685 812 3731 ex
837 3685 959 3760 aequo
983 3659 1139 3762 provida
1163 3659 1289 3736 rebus.

318 3782 477 3855 Talibus
502 3806 592 3880 ergo
618 3778 717 3868 diem
742 3779 948 3854 solemnem
974 3780 1084 3854 turha
1109 3781 1293 3856 trahebat.

421 3906 569 3975 Interea
594 3901 709 4000 Virgo
734 3900 931 4004 esthama
954 3901 1108 4002 regione
1127 3901 1287 3992 Puellus,

318 4024 507 4098 Absentes
534 4022 720 4123 quamvis,
746 4021 994 4122 disjunctique
1019 4023 1170 4096 aethere
1194 4020 1317 4122 longe,
1450 4030 1522 4108 3d⁰

319 4143 469 4216 Gaudia
494 4142 665 4236 sincera,
692 4162 803 4244 atque
828 4142 994 4232 animos,
1021 4158 1134 4242 atque
1159 4140 1236 4216 otia
1259 4138 1349 4242 pagi

318 4269 439 4337 Laeta
462 4263 603 4344 rident:
628 4283 744 4367 utque
770 4264 867 4337 alma
891 4290 999 4338 suum
1024 4282 1112 4342 tuno
1136 4261 1235 4337 forte
1261 4241 1418 4362 gerebat

318 4385 505 4458 Infantem
530 4388 671 4486 gremio
698 4385 910 4486 complexa,
936 4401 1051 4486 utque
1076 4382 1188 4458 ambo
1213 4380 1375 4460 vicissim

319 4586 355 4637 V.
377 4588 438 4638 stt.
456 4584 668 4637 Bethlaeus.
689 4585 747 4638 cfr.
764 4585 826 4655 vll,
845 4588 909 4642 stt.

319 4677 355 4728 V.
377 4677 438 4730 888.
458 4677 646 4730 Molossos
663 4692 704 4731 so.
725 4691 818 4732 waes.
835 4679 916 4747 Vitg.
934 4679 1036 4747 liturg·
1057 4681 1086 4748 8,
1102 4679 1165 4735 ¹1⁰³.
