3634 5667
354 579 402 647 32
793 558 1035 631 LIBER
1082 561 1128 638 ΙΙ.

354 761 495 863 Quidve
517 755 639 829 obitus
656 754 800 830 ferrent
822 757 933 848 varii,
961 773 1219 856 astrorumque
1245 773 1403 847 meatus,
1471 770 1544 839 280

353 886 389 956 A
412 879 564 978 strepitu
586 878 720 980 procul
745 895 782 950 et
803 877 914 950 turha
939 878 1168 952 silvestribus
1191 905 1309 952 annos

352 1006 488 1103 Egerst
510 999 677 1075 intentus
700 999 871 1091 calamis,
896 1000 998 1072 haud
1022 1000 1151 1109 noxius
1177 999 1257 1071 ulli.
1630 979 1631 1072 i

351 1123 469 1228 Felix3
497 1121 557 1192 oui
581 1120 708 1219 vigiles
732 1121 898 1195 nondum
922 1121 1119 1220 prudentia
1144 1146 1251 1194 curas

352 1242 534 1317 Attulerat
557 1242 706 1315 veniens
716 1268 729 1336 3
754 1243 843 1341 quin
868 1267 992 1314 rerum
1016 1241 1159 1314 incuria
1186 1259 1223 1314 et
1247 1241 1332 1342 ipsa

351 1370 568 1438 Inconstans
593 1388 698 1434 mens
725 1378 762 1433 et
783 1389 876 1463 vaga
901 1363 1119 1437 conciliarat
1141 1387 1317 1435 amorem.
1450 1371 1542 1441 '285
1630 1367 1631 1374 '

351 1485 444 1558 Huic
468 1483 558 1556 levis
580 1480 619 1554 in
643 1500 792 1555 noctem
815 1483 891 1581 jam
918 1509 1040 1556 seram
1066 1481 1224 1580 Spiritus
1249 1481 1313 1554 ille

352 1603 531 1682 Laetitiae
559 1628 689 1675 comes
708 1603 871 1698 insiluit3
899 1630 975 1703 quo
999 1603 1160 1705 plurima
1184 1627 1312 1675 secum

351 1727 433 1800 lbat
458 1749 571 1823 agens
596 1723 748 1814 animis,
774 1724 919 1798 insueto
945 1726 1108 1826 percitus
1134 1741 1271 1798 oestro.

351 1849 522 1942 Namque
547 1845 686 1943 injecta
710 1844 838 1916 hilaris
855 1847 1204 1947 mens‘improuisat
1231 1844 1300 1919 sub
1324 1842 1415 1944 ipsis

277 1947 280 1967 ³
353 1959 513 2064 (Cogere
538 1965 571 2036 si
595 1982 723 2064 posset
747 1967 935 2040 sociorum
959 1967 1123 2066 plectra)
1149 1964 1323 2038 fenestris
1474 1971 1547 2043 290

349 2084 513 2184 Virginis
538 2084 726 2158 instruere.
745 2085 795 2156 ad
820 2086 998 2158 citharam
1022 2087 1166 2181 melos'3
1197 2103 1312 2184 atque
1339 2105 1473 2156 sereno
1488 2085 1498 2104 ²

350 2184 700 2306 Hospitibiisfessis
728 2205 835 2278 coelo
863 2206 1048 2280 deducere
1075 2227 1238 2280 somnos,

351 2326 428 2400 Sed
453 2325 544 2426 quid
567 2343 645 2398 tum
669 2324 843 2425 poterat?
873 2355 967 2427 quos
993 2330 1224 2426 importunus
1251 2319 1397 2398 adiret?

350 2447 430 2520 Aut
447 2446 598 2548 pulsare
623 2445 724 2520 fores
751 2448 912 2522 obseura
938 2449 1093 2522 auderet
1116 2450 1156 2521 in
1182 2441 1341 2530 umbra?
1409 2519 1413 2536 ,

349 2571 450 2642 Ecce
476 2587 616 2662 autem,
640 2571 741 2645 vario
767 2576 896 2646 seeum
922 2571 1010 2646 dum
1034 2571 1186 2643 iluetuat
1212 2582 1327 2653 aestu,
1475 2571 1546 2643 295

350 2691 470 2781 Ecce,
496 2690 667 2790 inquam,
689 2695 781 2768 socii
806 2714 931 2785 vates,
961 2720 1055 2796 quos
1083 2691 1236 2764 entheos
1262 2683 1362 2757 idem

352 2808 510 2908 Spiritus
537 2813 708 2886 excierat.
760 2816 929 2891 Citharas
955 2817 1016 2888 hic
1041 2814 1181 2891 vortice
1206 2807 1359 2895 eburno,

351 2927 418 3003 Ille
444 2929 564 3027 lyram
589 2958 633 3004 ex
659 2933 803 3025 ebeno,
829 2938 890 3008 hic
917 2937 1083 3025 sistrum,
1112 2954 1178 3006 sua
1202 2951 1358 3001 munera
1378 2920 1550 3022 quisque,

351 3049 514 3122 Delicias
541 3067 651 3150 atque
677 3072 863 3152 agrestum
886 3057 1080 3130 intervalla
1105 3053 1275 3124 laborum

352 3171 564 3244 Attulerant
589 3199 727 3248 secum.
776 3178 864 3265 Non
888 3178 1030 3274 gratior
1055 3173 1131 3245 ulla
1155 3170 1336 3268 voluptas,
1479 3172 1552 3240 500

355 3291 474 3390 Quam
500 3318 595 3391 quae
621 3295 821 3395 improviso
848 3295 1043 3386 condicta,
1072 3321 1116 3366 ex
1140 3311 1308 3390 tempore
1334 3283 1444 3358 nullis

353 3415 397 3484 In
417 3412 572 3512 ‚longum
599 3415 756 3488 trahitur
781 3414 897 3489 dilata
923 3417 1152 3515 ambagibus.
1202 3415 1303 3507 Ergo

354 3532 439 3633 Una
463 3558 591 3605 omnes
616 3539 757 3637 pariter
781 3563 850 3636 per
875 3537 988 3636 opaci
1011 3536 1174 3635 compita
1198 3531 1306 3618 ruris,
1402 3537 1405 3542 '

358 3654 439 3753 Quo
464 3653 568 3727 furor
592 3657 797 3746 immissus,
824 3685 899 3757 quo
925 3683 1030 3729 mens
1056 3658 1211 3727 incensa
1236 3646 1406 3735 vocabat,
1486 3659 1489 3670 '

356 3774 529 3874 ¹Elpinus,
551 3793 681 3874 pastor
707 3779 841 3876 Ligus,
868 3779 1124 3878 Alcindusque
1151 3772 1280 3860 secuti,
1483 3771 1555 3842 505

357 3895 628 3994 Montanusque
655 3897 766 3995 (haee
792 3901 947 3971 nomina
973 3918 1101 3990 erant3
1128 3893 1196 3968 sed
1220 3887 1387 3962 Montius
1410 3885 1494 3973 iste,

357 4017 429 4090 Hie
453 4019 598 4116 Magius
625 4019 734 4116 vulgo
760 4019 870 4109 dicti,
899 4021 1089 4091 Pastorius
1113 4014 1189 4102 ille,

358 4136 430 4209 Hic
460 4140 641 4239 Lemene)
666 4139 911 4240 papaveribus
937 4139 1120 4236 sertisque
1145 4151 1314 4204 rosarum

361 4395 398 4448 V.
405 4399 458 4450 288
475 4423 507 4436 -
527 4400 579 4450 286
596 4398 626 4446 in
642 4397 714 4446 Edit.
732 4397 842 4446 Veneta
859 4399 969 4447 desunts

362 4491 461 4544 ΗΜ
475 4494 548 4544 inter
566 4496 594 4541 et
613 4489 753 4542 tutudit.
772 4489 870 4538 venet.
889 4486 1046 4538 intersero:
1225 4557 1229 4566 ι

468 4585 572 4635 Haeret
589 4584 667 4643 inops
684 4580 783 4646 asinii,
803 4583 975 4642 mentemque
993 4589 1042 4640 per
1060 4572 1151 4625 emula
1170 4571 1273 4622 versat.

363 4675 399 4725 V.
406 4677 467 4728 ὅθι.
478 4676 551 4728 uus
570 4675 670 4726 venet.
690 4683 739 4736 pro
758 4684 798 4722 ex
816 4674 907 4733 temp
918 4681 984 4721 ore
1002 4669 1021 4722 l.
1041 4667 1223 4734 acceptaque·
