3634 5667
304 603 370 678 Π

301 828 462 928 judicio,
509 854 667 929 quornm
690 851 865 902 numerus
885 827 1003 921 ‘haud
1033 855 1167 933 partus
1207 850 1282 926 est,
1317 833 1357 905 in
1380 835 1502 936 poetis

308 973 417 1073 isque
443 971 752 1076 praeclarissimis
772 988 998 1047 numeratur.

398 1217 455 1288 Ea
477 1240 586 1306 vero,
613 1237 710 1313 quae
735 1237 1038 1314 susceperamus,
1059 1231 1100 1289 ut
1125 1216 1197 1290 rite
1222 1220 1369 1295 anobis
1393 1246 1499 1322 gere·-

224 1394 227 1409 ·
298 1375 444 1449 rentur,
479 1358 682 1447 editiones,
725 1380 822 1455 qnae
860 1357 918 1430 ad.
941 1383 1072 1432 manus
1104 1379 1228 1453 erant,
1267 1363 1426 1437 collatae
1462 1380 1499 1435 et

301 1500 530 1576 examinatae
555 1517 660 1573 sunta

344 1789 346 1794 ·
374 1744 417 1846 a)
450 1745 472 1819 J
480 1706 588 1816 esus
614 1741 721 1813 Puer.
760 1741 900 1813 Poema
916 1741 1083 1814 Thomae
1110 1740 1263 1817 Gevae
1294 1771 1373 1822 soe.
1396 1748 1495 1823 lesu.

384 1870 389 1879 ⁵
446 1884 470 1959 J
478 1882 661 1984 osepho
682 1882 805 1957 Primo
821 1888 1076 1958 Romanorum
1091 1885 1187 1984 Regi
1209 1910 1367 1960 sacrum.
1417 1890 1497 1960 Me·

446 2025 598 2101 diolani.
648 2026 766 2127 Typis
794 2026 956 2108 Caroli
980 2027 1172 2102 Antonii
1196 2028 1495 2122 Malatestae.

446 2185 557 2256 1690·
605 2177 660 2255 lt·v
785 2193 791 2234 ἵ

373 2384 419 2486 b)
452 2384 591 2458 Jesns
623 2383 730 2462 Puer.
788 2379 927 2463 Poema
972 2379 1043 2456 Th.
1078 2383 1230 2458 Cerae
1274 2409 1352 2458 sou.
1394 2385 1492 2458 lesu.

444 2531 534 2601 Post
557 2524 770 2599 Editionem
789 2526 1110 2600 Mediolanensem
1133 2529 1255 2627 prima
1277 2527 1318 2599 in
1336 2528 1493 2602 Germa·

443 2666 518 2742 uia.
566 2668 1383 2770 Dilingaeapudloan.Casp.Beneard,
1409 2671 1495 2743 Bib-

330 2806 335 2819 ’
444 2811 624 2913 liopolam
640 2808 918 2883 Academicum·
945 2821 1054 2898 1694.
1082 2822 1141 2891 12.

372 3025 413 3126 c)
447 3026 469 3100 J
478 3049 587 3099 esus
612 3026 719 3097 Puer.
768 3023 908 3094 Poema
937 3021 1008 3096 uh.
1048 3019 1197 3094 Gerae
1232 3049 1252 3094 e
1284 3049 1361 3098 soe.
1392 3027 1491 3101 Jesu.

345 3210 347 3215 ·
425 3167 612 3267 ⁴*Venetiis
647 3177 759 3248 1732.
839 3164 895 3234 Ex
938 3164 1187 3265 typographia
1231 3165 1493 3268 Gasparis

324 3380 328 3386 .
446 3309 652 3388 Girardi.
702 3319 739 3395 ἡ.
822 3367 826 3375 .

373 3523 416 3625 d)
448 3526 470 3600 J
477 3527 585 3596 esu‘s
610 3523 716 3620 Puer.
767 3519 906 3593 Poema
928 3519 1095 3594 Thomae
1122 3517 1281 3600 Gerae.
1330 3521 1492 3595 Curante

413 3669 470 3742 xl.
492 3670 539 3741 G.
559 3669 610 3739 M.
635 3709 684 3723 —
731 3662 907 3736 Berolini.
946 3661 1135 3737 Sumtibus
1166 3665 1236 3740 Fr.
1270 3664 1490 3740 Maurori.

326 3783 330 3808 ⁵
446 3797 555 3895 1797ss
605 3817 642 3894 t.

326 4090 329 4094 ’
394 4083 536 4198 Quibus
583 4087 808 4164 editionibus
845 4087 943 4161 inter
976 4111 1017 4162 se
1053 4089 1199 4165 collatis
1237 4087 1491 4190 eognovimus,

184 4264 186 4269 ’
296 4223 498 4316 editionem
531 4234 670 4334 Diling.
711 4231 761 4306 ad
801 4230 989 4333 exemplar
1027 4228 1178 4306 Mediol.
1213 4251 1251 4306 et
1287 4231 1489 4306 editionem

293 4382 416 4456 Berol.
442 4377 492 4454 ad
517 4377 704 4477 exemplar
735 4375 868 4450 Venet.
910 4369 1009 4474 typis
1035 4373 1158 4448 denuo
1186 4398 1269 4448 esse
1293 4375 1492 4474 vulgatam.

297 4513 418 4628 Quum
449 4540 574 4596 autem
603 4523 700 4596 inter
731 4542 863 4594 omnes
889 4533 1034 4591 constet
1043 4572 1055 4609 ‚
1096 4517 1325 4592 recentiores
1358 4537 1490 4621 poetas

298 4665 362 4744 aut
385 4668 496 4742 nullis
521 4665 691 4756 omnino,
738 4681 780 4737 nt
806 4664 944 4758 Gora,
987 4679 1049 4735 aut
1073 4663 1202 4763 paucis
1227 4665 1495 4766 interpretibus
