3634 5667
743 547 1059 669 eruent.
1441 617 1486 688 19

299 801 396 870 Tum
420 820 508 868 vero
532 791 661 866 infelix
686 793 1038 893 sponsus'quatiens
1062 791 1158 892 pede
1181 809 1331 884 terram,

299 922 347 990 Et
371 917 497 990 scisse'
511 912 732 987 endromide-
753 931 792 986 et
812 912 1026 1013 chlamyde,
1052 913 1271 1013 abjectoque
1297 913 1445 1014 galero„

298 1043 503 1139 ingratam)
527 1037 807 1129 immemorem,
836 1031 1009 1127 infidam,
1035 1054 1291 1137 agrestemque
1314 1058 1462 1128 vetere,

298 1163 444 1233 Premis
470 1160 529 1231 cui
552 1157 641 1231 lude
664 1159 785 1231 rimae
809 1154 863 1226 nil
887 1154 963 1226 tale
987 1155 1145 1228 merenti
1307 1209 1312 1219 ·
1336 1161 1340 1220 ἶ
1361 1207 1365 1217 ·
1414 1165 1485 1245 49'0

297 1283 380 1353 Heu
406 1279 557 1352 demens
577 1279 732 1351 tulerat:
756 1303 856 1350 nunc
881 1276 989 1351 denis
1014 1302 1148 1378 nempe
1168 1276 1359 1378 superbn'
1450 1279 1480 1302 ''

297 1402 504 1475 Promissus
530 1400 624 1500 fugit
647 1399 712 1469 illa
734 1415 851 1469 tores.
888 1397 1003 1468 Furit
1027 1398 1217 1498 improbus
1242 1425 1380 1492 ament,

297 1527 346 1596 Et
367 1520 440 1594 nisi
464 1523 499 1596 vi
522 1535 682 1592 teneant
700 1535 898 1592 cenantem
923 1517 1068 1590 solvere
1094 1537 1204 1620 capte

296 1644 473 1733 Brachia,
500 1641 598 1714 forte
622 1657 706 1710 ruet
729 1663 911 1738 praeceps
936 1638 1133 1713 moriturus
1157 1641 1197 1710 in
1222 1666 1379 1736 emnem,

296 1767 371 1836 Aut
396 1781 563 1838 sanetum
584 1777 761 1860 properet
785 1757 955 1830 manibus
980 1759 1194 1832 rescindere
1219 1779 1376 1852 textume
1411 1775 1484 1851 4915

297 1887 437 1957 Tantus
463 1885 539 1982 egit
565 1903 722 1953 caecam·
736 1880 840 1951 furor
865 1895 903 1952 et
927 1880 1075 1952 vesania
1099 1899 1270 1955 mentem.

393 2007 444 2076 At
467 2029 545 2075 non
567 2027 680 2102 pessa
703 1999 766 2072 diu
789 2000 915 2072 tristes
939 2000 1132 2074 mitissime
1154 2005 1288 2099 Mater,

295 2127 376 2198 Nec
402 2119 520 2195 denis
538 2123 688 2195 turbare
713 2122 787 2194 suis
807 2122 941 2194 solatia
965 2121 1071 2195 ruris·

295 2245 432 2318 Audiat
455 2245 570 2332 haec,
599 2269 710 2315 exosa
736 2241 903 2331 domum,
928 2242 1044 2343 sique,
1059 2243 1199 2316 innuba
1221 2246 1323 2347 virgo
1410 2251 1414 2260 '

295 2365 446 2439 Nubere
473 2364 624 2436 caelesti
649 2389 787 2465 sponso
812 2363 916 2437 veliti
942 2362 1067 2435 audiet
1091 2362 1156 2437 illa
1411 2383 1484 2452 500

298 2486 363 2559 cui
388 2484 550 2557 thalamo
575 2483 683 2576 felix,
710 2485 769 2557 eui
794 2509 877 2557 sese
902 2483 1109 2582 obstringat
1134 2489 1282 2563 amanti.

394 2608 504 2676 Ferte
529 2605 567 2676 iu
592 2630 742 2677 secessu
766 2604 894 2694 viridi,
921 2604 1008 2676 dum
1031 2603 1120 2676 talia
1143 2604 1300 2703 fervent,

295 2728 389 2798 Tres
414 2725 519 2824 pueri
545 2726 663 2796 teneri
688 2743 799 2824 atque
823 2724 933 2815 boni,
960 2749 1034 2824 qua
1056 2726 1232 2824 carpinus
1257 2730 1386 2830 ingens

295 2845 505 2933 Fleruerat,
534 2871 678 2916 summo
701 2845 881 2945 speculati
902 2847 942 2918 in
967 2846 1102 2920 vertice
1127 2846 1254 2920 nidum

295 2965 493 3038 Lusciniae
514 2965 622 3062 jactis
648 2965 765 3065 glebis
791 2967 962 3064 saxisque
986 2991 1055 3066 per
1080 2992 1188 3041 auras
1269 3035 1272 3040 .
1409 2979 1480 3057 105
1561 3053 1565 3060 ι

294 3087 467 3182 Dejicere
491 3086 696 3180 instabant3
721 3089 843 3188 parvis
868 3104 993 3159 tamen
1016 3090 1139 3160 irritus
1165 3093 1284 3164 omnis
1322 3141 1325 3148 -

295 3201 515 3277 Jamdnduni
541 3224 694 3278 conatus
722 3226 821 3279 erat:
849 3235 932 3281 cum
953 3209 1031 3282 visa
1056 3229 1210 3309 repente

294 3328 323 3396 Ε
348 3324 502 3398 latebris
528 3326 639 3399 silvae
664 3344 750 3400 ante
776 3329 903 3401 oculos
929 3327 1178 3429 pulcherrime
1200 3331 1335 3431 image,

292 3449 444 3519 incessu
469 3472 620 3547 prorsus
643 3465 823 3547 gestuque
845 3448 1047 3548 habituque
1073 3452 1202 3523 Maria.

291 3567 359 3638 Illa
386 3583 482 3657 erat,
509 3567 574 3638 illa
598 3593 710 3638 manu
731 3571 887 3641 Puerum
913 3567 959 3640 de
984 3595 1088 3641 mere
1112 3569 1306 3657 trehebet3
1408 3583 1480 3652 510

293 3685 368 3756 Seu
391 3687 470 3760 visa
494 3689 534 3757 in
558 3688 721 3787 speciem
745 3706 906 3778 tantum,
934 3714 999 3761 scu
1023 3707 1128 3762 vecta
1152 3716 1221 3791 per
1246 3717 1354 3764 auras

227 3811 231 3822 '
293 3805 500 3906 (Quidquid
524 3808 563 3879 id
589 3811 663 3909 est)
688 3809 810 3882 medio
828 3834 956 3881 coram
979 3809 1198 3882 nitidissima
1222 3810 1307 3885 luco

292 3925 482 4021 Substitit,
509 3927 750 4028 arridensque
776 3955 842 4003 suo
869 3928 916 4000 de
932 3955 1036 4001 more
1062 3930 1205 4003 locuta:

290 4047 352 4135 „0
377 4049 503 4146 pueri,
530 4067 679 4124 teneros
705 4049 804 4122 haud
828 4048 886 4121 fas
914 4051 1120 4124 convellere
1145 4053 1273 4142 nidos,

288 4211 708 4232 Ἣ

290 4299 324 4347 v.
344 4301 405 4351 tet.
424 4301 496 4350 Edit.
514 4302 614 4352 venet.
632 4315 681 4364 pro
700 4304 930 4354 ementire·

289 4410 323 4460 V.
343 4415 403 4464 50³.
424 4425 499 4475 seqq.
517 4414 589 4463 Edit.
609 4415 731 4466 Veneta:

429 4504 496 4552 'tres
514 4508 591 4565 pueri
608 4521 713 4557 stimme
731 4507 865 4569 speculati
883 4508 912 4558 in
929 4509 1036 4558 vertice
1054 4509 1147 4558 nidum

427 4595 573 4647 Lusctntee
590 4610 739 4662 appensum
755 4601 858 4666 remis,
876 4614 931 4663 que
949 4601 1075 4662 carpinus
1093 4601 1189 4667 ingene

428 4685 572 4739 meruerat
579 4723 589 4756 ‚
604 4685 691 4754 iactis
708 4691 796 4757 glebis
812 4692 943 4755 suisque
959 4705 1010 4755 per
1028 4705 1110 4746 eures

1316 4648 1334 4678 11

1219 4779 1268 4858 2*
