3634 5667
697 1773 862 1915 vead
894 1811 1179 1942 Lectori.
1248 1889 1328 1906 ⁴..

436 2124 562 2195 lesum
587 2117 708 2191 adhuc
733 2143 890 2218 puerum
922 2113 1180 2188 manifestasse
1213 2111 1400 2214 paulatim
1426 2133 1533 2184 suam

340 2255 568 2327 divinitatem
592 2253 796 2324 Nazarenis
829 2249 904 2320 suis
946 2246 1200 2320 conterraneis
1235 2263 1364 2320 auctor
1403 2261 1460 2317 est
1483 2244 1532 2320 D.

341 2386 566 2458 Athanasius
601 2383 723 2480 (Orat.
757 2392 791 2468 a.
820 2398 954 2454 contra
977 2379 1169 2478 Arianos),
1208 2378 1317 2452 Titus.
1335 2379 1538 2450 Bostorum

346 2518 563 2615 episcopus,
589 2514 866 2601 Theodoretus,
893 2513 940 2580 D.
955 2511 1185 2600 Vincentius,
1211 2526 1323 2609 atque
1336 2508 1400 2582 alii
1416 2507 1535 2608 (apud

349 2647 496 2719 Sebast.
529 2645 681 2717 Barrad.
710 2646 749 2716 in
787 2645 900 2717 Cone.
937 2646 1076 2740 Evang.
1111 2641 1176 2713 lib.
1214 2656 1272 2721 10.
1322 2665 1404 2741 cap.
1442 2641 1538 2739 15.),

344 2780 468 2877 quiin
495 2803 540 2851 ea
565 2791 688 2848 aetate
718 2774 907 2874 quandam
939 2773 1050 2848 veluti
1083 2772 1195 2848 divini
1229 2772 1327 2848 Solis
1363 2798 1537 2847 auroram

340 2910 592 3011 praecessisse
616 2925 760 3008 putant.
809 2907 1168 3006 Hancagnitionem
1187 2883 1348 2980 omnium
1365 2907 1538 3008 pulcheru

341 3042 477 3113 rimam
512 3043 621 3140 epiro
653 3038 837 3141 poemate
862 3040 1013 3139 dignam
1042 3039 1182 3114 censui.
1232 3041 1356 3137 Atque
1381 3038 1433 3110 ita
1457 3065 1537 3111 rem

346 3172 534 3272 disposui,
560 3190 600 3244 ut
624 3173 662 3242 in
686 3173 784 3242 hunc
810 3169 920 3243 finem
939 3149 1118 3245 'coelestis
1143 3171 1269 3246 Infans
1296 3197 1340 3242 ex
1363 3175 1534 3272 Aegypto

341 3305 380 3376 in
416 3307 574 3405 patriam
605 3304 864 3393 reduceretur3
908 3303 968 3374 cui
1009 3301 1144 3377 deinde
1184 3303 1321 3379 viribus
1364 3304 1534 3376 omnibus

348 3439 519 3508 Daemon
545 3435 666 3507 moliri
690 3437 810 3535 primo
838 3435 1017 3506 excidium
1045 3453 1174 3536 aperto
1198 3435 1320 3526 hello,
1362 3461 1447 3506 mox
1472 3406 1537 3528 ncl-

345 3568 458 3640 bulas
484 3567 677 3640 offundere
695 3585 889 3667 suspectae
905 3568 1095 3650 Divinitati
1114 3565 1375 3656 contenderet,
1403 3585 1534 3641 eventu

350 3717 475 3771 tamen
509 3725 661 3800 prorsus
698 3702 897 3772 contrario.
948 3702 1045 3772 Hinc
1078 3699 1177 3770 enim
1212 3700 1396 3773 Naaareni
1419 3698 1535 3772 multa

344 3833 460 3931 passi,
486 3831 695 3932 praestigiis
712 3831 878 3922 detectis,
901 3830 1062 3906 divinum
1075 3835 1250 3922 Puerum,
1271 3832 1375 3930 cujus
1395 3856 1534 3924 amore,

343 3961 589 4035 admiratione
596 4016 608 4054 ,
646 3981 759 4061 atque
785 3964 948 4036 oraculis
973 3965 1144 4063 suspensi
1168 3964 1244 4060 jam
1267 3961 1330 4036 diu
1354 3963 1536 4038 teneban-

341 4110 419 4182 tur,
445 4097 565 4166 Deum
588 4095 741 4167 tandem
755 4114 972 4194 agnoscunt.
1023 4093 1172 4184 Habes,
1198 4095 1319 4168 lector
1337 4094 1530 4186 benevole,

340 4225 474 4298 rudem
499 4244 611 4325 atque
642 4227 841 4299 informem
868 4228 1165 4327 designationem
1190 4228 1392 4329 poematis,
1432 4225 1535 4326 quod
1617 4265 1626 4272 ·

341 4384 363 4429 a
386 4359 557 4457 personis
576 4361 710 4458 partim
735 4361 953 4453 humilibus,
990 4363 1125 4462 partim
1150 4360 1372 4449 illustribus,
1405 4385 1428 4431 a
1452 4357 1533 4458 qui·

338 4488 496 4563 huores
525 4492 683 4590 geritur,
726 4493 1043 4584 comico-heroici
1067 4511 1237 4565 naturam
1263 4493 1392 4587 sumit3
1432 4487 1531 4563 unde

342 4640 380 4695 ct
405 4624 522 4722 stylus
555 4625 701 4725 utrique
735 4626 878 4700 formae
903 4627 944 4700 in
979 4653 1090 4698 unum
1123 4625 1256 4700 mixtae
1296 4623 1534 4732 attemperari

1139 4853 1146 4886 l
