3634 5667
717 535 960 629 uttan
1008 528 1086 606 m
1483 555 1554 625 153

358 731 486 831 (Nune
510 728 612 804 ibam
633 730 826 831 recolens)
850 756 960 807 sacro
987 728 1199 829 Salomopis
1224 732 1262 805 in
1288 728 1382 807 aede
1482 755 1554 825 195

356 854 486 953 Nuper
511 868 603 926 erat.
653 849 732 927 scd
757 852 856 924 enim
875 850 1038 966 (reniam
1061 854 1262 952 permittite
1287 854 1415 959 dictis)
1505 900 1507 907 v
1622 858 1623 863 ’

357 972 550 1048 Pulchrior
574 972 640 1046 illa
664 972 740 1047 oris
762 972 929 1072 species,
955 996 1069 1073 quam
1092 975 1213 1075 patria
1237 976 1344 1062 vobis

357 1096 472 1168 Ferre
497 1111 612 1194 queat
635 1093 743 1168 tellus
754 1122 767 1188 3
791 1119 865 1168 nec
889 1093 1004 1167 talem
1027 1094 1160 1169 viderit
1182 1120 1341 1196 usquam

357 1215 547 1305 Mortalis,
573 1241 661 1289 reor
672 1243 685 1311 3
712 1232 750 1289 et
777 1226 880 1294 eer'te
905 1233 983 1288 tam
1004 1241 1090 1289 rara
1115 1234 1288 1291 venustas

270 1364 276 1387 ·
359 1335 522 1412 Goelesti
547 1335 595 1409 de
620 1338 736 1439 stirpe
761 1334 871 1415 venit.
923 1338 1045 1410 'Panto
1073 1335 1180 1435 altius
1205 1337 1292 1411 illae
1484 1355 1557 1425 200

356 1457 511 1531 Tollere
530 1481 637 1557 spem
659 1457 802 1549 laetae,
827 1474 865 1530 et
888 1456 976 1531 viris
1002 1455 1204 1557 depingere
1229 1458 1386 1559 pulchra

357 1578 436 1652 Ora
460 1577 600 1669 modis,
617 1578 774 1680 aliisque
792 1602 905 1679 super
923 1576 1163 1651 muliebribus
1176 1579 1320 1653 ambae

356 1697 512 1773 Iudiciis
537 1699 678 1773 instare
703 1698 819 1773 noris.
869 1697 945 1771 Ubi
969 1696 1129 1799 plurima
1150 1726 1252 1793 vero,

356 1819 408 1893 Ut
431 1818 552 1911 solet,
576 1801 665 1894 hinc
688 1837 801 1921 atque
826 1818 915 1890 hinc
941 1816 1055 1891 (lubia
1080 1820 1291 1923 explorata:
1316 1824 1435 1899 viator

356 1942 530 2040 Longum
550 1940 622 2042 iter
646 1957 758 2043 atque
784 1938 877 2013 alias
902 1940 1022 2015 lassus
1047 1942 1297 2043 praetendere
1324 1971 1466 2026 curast·
1486 1958 1558 2033 205

355 2062 440 2135 lam
464 2061 573 2135 sinite
597 2061 686 2133 hinc
712 2059 864 2154 abeam,
889 2087 979 2133 nam
1003 2062 1136 2135 semita
1158 2062 1309 2167 longior
1332 2084 1448 2166 urget.
1522 2146 1526 2157 ,

349 2184 400 2255 ln
418 2183 562 2284 patrios
589 2174 718 2256 colles.
768 2180 888 2255 Simul
913 2182 1026 2273 haee,
1052 2182 1171 2283 simul¹
1187 2210 1253 2257 ore
1274 2211 1408 2261 sereno
1518 2227 1522 2241 ·

356 2302 554 2377 Accedens
577 2302 755 2404 propius,
779 2319 928 2376 secreto
945 2300 1077 2375 affatus
1103 2302 1153 2377 ad
1176 2329 1304 2381 aurem
1329 2328 1398 2387 eat.

357 2422 646 2498 Ofortunatae!
672 2425 796 2496 'I'anto
820 2424 897 2523 jam
921 2439 1090 2526 ternpore
1115 2423 1219 2498 vobis
1320 2516 1323 2527 Ι

329 2611 332 2616 ⁴
355 2545 436 2616 Lux
461 2544 623 2619 demissa
645 2544 758 2645 polo;
779 2569 855 2639 ¹neo
879 2544 1010 2619 restris
1036 2543 1178 2646 credita
1201 2548 1309 2620 terris
1426 2618 1429 2625 ,
1482 2568 1554 2639 210

355 2667 511 2739 Munera
536 2665 654 2740 nostis
679 2663 829 2738 adhuc?
858 2663 975 2739 Vobis
999 2668 1192 2765 Regnator
1217 2668 1377 2769 Olympi,
1415 2711 1418 2719 ·
1473 2762 1475 2769 y
1508 2764 1512 2773 ι

358 2785 468 2861 Sorte
495 2785 602 2860 datus
625 2787 758 2861 vestris
781 2766 929 2859 Numen
954 2785 1045 2861 latet
1070 2788 1208 2889 hospes
1233 2788 1273 2885 iu
1298 2792 1387 2871 oris.

357 2908 472 2982 Ocius
497 2907 706 2981 accelerate
731 2906 886 3007 gradus,
913 2905 1127 2981 contendite
1153 2886 1265 2983 cursu

355 3031 398 3101 ln
423 3054 550 3112 sacras
573 3027 707 3105 aedest
730 3030 832 3103 Deus
859 3044 933 3118 est,
958 3029 1059 3101 Deus
1084 3028 1148 3101 ille
1175 3031 1335 3126 Puellus,

356 3153 476 3253 Quem
498 3149 698 3250 vestigatis.
749 3151 846 3219 Tum
869 3147 1017 3222 demum
1042 3147 1198 3251 fulguris
1222 3152 1340 3227 instar
1479 3170 1550 3243 215

356 3271 509 3365 Goelica
530 3271 592 3343 lux
616 3270 748 3346 animis
773 3269 886 3343 fulsit.
936 3272 1054 3343 Pavor
1079 3288 1117 3345 et
1140 3290 1259 3373 metus
1283 3276 1415 3377 ingens

356 3393 544 3494 Principio
571 3392 746 3466 attonitas
766 3392 907 3484 tenuit3
934 3388 1021 3462 dein
1045 3391 1196 3465 vocibus
1223 3392 1307 3469 altis

346 3515 534 3612 ¹Laetitiae
558 3529 700 3587 vastum
722 3537 853 3585 nemus
877 3510 1096 3611 implevere:
1121 3514 1251 3606 Maria,

352 3635 436 3708 Huc
461 3633 570 3724 ades,
595 3632 763 3705 inventus
788 3634 883 3704 Puer
908 3647 986 3727 est3
1013 3648 1122 3705 sonat
1145 3631 1309 3734 undique
1334 3638 1458 3713 vallis:

318 3745 324 3755 ’
353 3758 560 3847 inventurn,
583 3752 771 3826 inventum
794 3733 931 3827 lesum.
982 3752 1102 3853 Quam
1127 3776 1241 3852 saepe
1265 3756 1429 3833 videmus
1478 3776 1549 3847 220

352 3874 535 3951 Noctibus
561 3873 708 3946 aestivis
734 3872 942 3947 clarescere
967 3888 1101 3947 cuncta
1124 3891 1280 3973 repente

325 3994 502 4095 ignibus
527 3994 603 4067 ictu
626 3992 744 4067 oeulis
770 3993 907 4093 sparsis
915 4045 927 4084 ‚
953 4018 1028 4093 qua
1051 3992 1134 4066 luce
1159 3994 1331 4071 renident

352 4120 471 4189 'I'acta
496 4132 609 4215 atque
634 4138 721 4187 arra
744 4110 894 4213 procul,
931 4112 1034 4214 prius
1066 4130 1146 4187 atra
1173 4115 1392 4195 abscondita
1415 4142 1526 4199 nocte
1533 4155 1547 4222 3

351 4236 514 4338 Virginis
539 4235 639 4309 haud
664 4233 771 4306 aliter
795 4260 864 4306 vox
889 4233 1088 4334 improvisa
1111 4237 1286 4311 tenebras

351 4358 514 4460 Dispulit
538 4384 582 4429 cx
601 4355 737 4428 animo.
787 4352 1024 4453 iuratusque
1039 4371 1151 4456 atque
1165 4384 1281 4459 usque
1296 4363 1445 4455 morari,
1473 4375 1544 4448 225

350 4609 385 4661 V.
406 4612 456 4665 211
475 4621 533 4674 sqq.
553 4609 655 4661 Confer
672 4612 808 4662 cantIcum
827 4610 991 4661 Zachariae.
1011 4612 1078 4662 Luc.
1100 4614 1125 4679 1,
1145 4614 1179 4665 68
1200 4640 1228 4651 -
1250 4615 1294 4665 80.

1257 4699 1332 4781 ss*
1443 4742 1445 4749 .
