3634 5667
1414 582 1533 652 ΧΙῙΙ

334 823 379 872 dio
406 815 466 885 jam
498 820 528 868 et
561 813 707 879 diligentia
737 818 874 874 praestes.
911 811 953 863 Ex
984 823 1019 862 eo
1047 809 1114 862 nibil
1140 810 1229 875 magis
1254 804 1376 877 studuit,
1403 823 1485 874 quam
1499 816 1533 864 'ut

333 921 536 977 'accherio
555 919 774 969 doctissimorum
784 918 909 969 virorum
927 915 1076 968 amicitiam
1094 914 1265 964 conciliaret.
1301 915 1416 965 i'antuur
1432 918 1532 968 aberat

312 995 315 1000 Ι
335 1031 371 1080 ab
389 1024 590 1079 obtrectatione
609 1024 638 1070 et
654 1020 770 1086 invidia,
790 1033 862 1096 quae
879 1019 953 1071 solet
971 1019 1055 1070 etiam
1068 1018 1219 1068 amicorum
1227 1011 1351 1083 'gratiam
1361 1013 1531 1071 exulcerare.

403 1129 484 1180 Nunc
502 1130 545 1176 est
560 1128 593 1177 de
612 1126 702 1177 altera
718 1122 780 1191 ejus
797 1125 879 1175 lande
897 1124 1049 1174 dicendum.
1086 1125 1202 1188 Magnus
1218 1109 1336 1173 ¹nnatbesi
1354 1122 1407 1172 luit
1423 1121 1531 1188 (leva,

331 1247 386 1286 nec
402 1233 491 1282 minor
508 1230 537 1279 in
554 1229 648 1293 poesi3
668 1241 732 1280 nam
750 1229 866 1280 mirifice
882 1228 919 1278 ad
936 1230 1006 1278 hanc
1021 1227 1125 1277 iactum
1140 1223 1202 1292 ejus
1215 1226 1361 1277 videbatur
1377 1226 1531 1292 ingenium

334 1342 364 1389 et
380 1333 580 1399 praestantiam
598 1333 754 1384 declaravit
770 1333 806 1382 ab
824 1332 1013 1383 adolescentia
1029 1342 1084 1383 non
1095 1330 1318 1394 qualemcumque
1335 1331 1446 1398 eclogas
1462 1332 1534 1384 scri-

332 1442 422 1492 bendo
442 1443 470 1489 et
488 1437 598 1489 tabulas
617 1436 762 1487 admodum
780 1435 934 1500 elegantes.
969 1435 1065 1485 Mirari
1083 1437 1173 1484 autem
1192 1435 1283 1502 subIt,
1307 1436 1372 1499 quid
1398 1437 1439 1486 ita
1462 1435 1533 1486 certi
1567 1460 1571 1466 ,

331 1545 456 1598 homines
471 1545 524 1594 boc
549 1540 687 1590 avaritiae
712 1541 829 1604 flagrent
854 1550 975 1604 genere,
1006 1541 1150 1602 utrumque
1176 1543 1206 1589 ιιι
1231 1544 1348 1591 renuent
1377 1543 1405 1590 et
1429 1551 1478 1590 eas
1501 1539 1531 1590 in

331 1649 433 1713 vulgus
450 1633 552 1712 edere,
578 1648 607 1692 et
631 1653 700 1692 vero
718 1641 802 1690 ctiam
821 1653 883 1690 cnm
900 1639 998 1692 amicis
1024 1653 1079 1692 una
1097 1642 1308 1694 communicare.
1345 1643 1403 1694 Nos
1422 1643 1530 1707 quidem

333 1751 394 1802 sale
411 1763 475 1799 esse
494 1752 523 1798 et
539 1747 635 1807 lepore
652 1743 739 1794 multo
756 1746 889 1793 venustas
906 1743 1023 1806 scimus;
1042 1746 1138 1796 videre
1156 1748 1249 1795 tamen
1266 1745 1345 1801 licrrit
1361 1742 1533 1805 nondnmffi)

331 1853 400 1902 iltnt
418 1855 460 1902 est
478 1853 586 1915 autem,
607 1847 703 1899 (leva
720 1847 786 1897 mibi
803 1846 915 1896 videtur
931 1847 1018 1897 misse
1031 1854 1115 1909 poeta
1132 1862 1187 1900 non
1204 1862 1274 1900 nnus
1288 1861 1304 1899 e
1318 1849 1422 1916 multis,
1441 1849 1532 1913 potius

332 1955 405 2003 inter
422 1952 523 2002 multos
542 1963 626 2013 prope
643 1951 801 2016 singularis.
838 1945 972 2011 Quoniam
999 1953 1071 2002 enim
1095 1949 1162 2004 iliud
1184 1953 1374 2004 videturesse
1392 1953 1531 2016 proprium
1607 2017 1611 2024 ⁸

331 2059 492 2122 poetarum,
510 2057 542 2103 ut
558 2055 692 2120 doceant,
711 2055 792 2104 simul
809 2055 881 2106 mira
897 2055 1017 2106 animum
1044 2057 1202 2107 devinciant
1216 2052 1405 2124 jucunditate,
1424 2059 1531 2107 utrum·
1604 2104 1616 2116 N

332 2175 385 2226 que
404 2159 514 2226 effecit,
533 2159 603 2209 adeo
621 2160 772 2220 praecepta
786 2158 991 2223 exquisitasque
1008 2161 1159 2210 sententias
1177 2159 1253 2212 molli
1269 2171 1354 2210 versu
1370 2159 1533 2222 pellucentl·

332 2278 386 2328 que
404 2264 552 2313 vestiebat.
590 2263 650 2322 Quo
668 2264 696 2313 iu
714 2253 816 2328 genc're
834 2264 923 2313 omnis
949 2258 1011 2327 ejus
1033 2267 1077 2314 est
1104 2263 1177 2314 ratio
1200 2267 1338 2326 tamquam
1364 2263 1532 2316 vermicula-

330 2371 389 2419 tum
406 2367 560 2416 emblema:
580 2367 667 2416 omnis
686 2354 729 2417 est
744 2367 917 2429 pulchritudo
935 2368 970 2416 ab
988 2368 1102 2434 nativa,
1128 2367 1227 2434 varia,
1245 2371 1377 2431 perpetua
1395 2379 1531 2420 novarum

330 2483 422 2520 rerum
442 2469 572 2536 imagIne,
590 2470 700 2536 singula
716 2469 864 2520 suavitatis
881 2472 910 2518 et
927 2469 1011 2519 animi
1029 2470 1119 2532 plena.
1130 2466 1185 2529 Μ1
1212 2471 1248 2520 Ει
1264 2471 1332 2522 iliud
1351 2472 1375 2522 si
1393 2473 1531 2534 probatis-
1621 2537 1628 2552 .

333 2575 432 2624 simum
451 2576 494 2624 est
511 2585 599 2639 genus
616 2575 771 2639 poctarum,
790 2571 907 2635 quinon
924 2571 1013 2621 solum
1030 2571 1151 2624 fabulam
1169 2572 1279 2638 ingenio
1296 2576 1454 2640 subierant,
1480 2577 1531 2627 sed

329 2689 423 2727 mores
441 2677 567 2740 personis
585 2677 806 2726 accommodatos
823 2673 866 2724 sic
882 2674 1022 2741 referant,
1050 2679 1081 2726 ιιι
1098 2687 1193 2726 earnm
1210 2677 1363 2738 exprimere
1383 2678 1531 2744 imaginem

331 2781 538 2829 consuetudinis
567 2780 699 2842 vitaeque
724 2779 882 2843 videantur,
900 2779 968 2830 nibil
985 2783 1046 2849 est,
1075 2779 1129 2830 nisi
1151 2778 1297 2842 plurimum
1329 2782 1429 2851 fallor,
1458 2785 1531 2848 quod

333 2883 460 2946 cuiquam
477 2883 567 2947 magis
584 2883 621 2932 sit
639 2883 834 2949 expetendum,
858 2885 939 2935 modo
959 2883 1118 2948 idylliorum
1136 2896 1185 2934 eos
1202 2884 1288 2937 libros
1306 2887 1445 2954 consulat,
1483 2887 1529 2950 qui

330 2991 395 3036 sunt
413 2988 452 3036 de
471 2999 578 3050 puero
595 2986 698 3035 iesu.
735 2985 797 3036 linc
813 2997 882 3036 vero
901 2988 993 3038 omnia
1011 2989 1165 3054 pertinent,
1194 3001 1247 3052 quo
1277 2992 1357 3043 modo
1375 2991 1528 3042 Nazarenis

331 3089 435 3138 sensim
453 3101 485 3138 se
502 3101 572 3151 puer
587 3088 706 3151 prodidit
723 3090 818 3151 deum;
845 3092 875 3139 et
898 3093 987 3141 omnis
1012 3097 1056 3145 est
1082 3095 1228 3146 Athanasii
1248 3100 1277 3145 et
1302 3097 1527 3170 gravissimorum

331 3193 427 3242 innixa
455 3193 621 3254 scriptorum
646 3194 806 3244 auctoritati
828 3195 975 3247 sententia.
1019 3198 1107 3261 igitur
1130 3199 1166 3250 ab
1194 3201 1322 3263 Aegypto
1348 3199 1376 3249 in
1408 3201 1526 3262 patriam

328 3296 455 3346 redeunti
471 3295 538 3346 mali
556 3297 704 3346 daemones
728 3297 844 3358 primunr
866 3299 958 3350 moliri
975 3300 1102 3369 insidias,
1122 3301 1192 3352 dolis
1210 3303 1308 3382 deinde
1327 3303 1422 3354 dubios
1440 3305 1527 3366 piebis

329 3399 438 3448 animos
456 3399 490 3448 dc
509 3393 570 3462 ejus
588 3401 731 3451 divinitate
748 3401 862 3467 facere,
880 3401 998 3451 miscere
1017 3404 1186 3465 captionibus
1204 3409 1232 3456 et
1249 3406 1406 3471 praestigiis
1424 3407 1524 3458 omnia.

328 3502 385 3552 Sed
402 3503 516 3553 retectis
534 3505 571 3553 ad
587 3507 740 3554 extremum
756 3503 898 3554 fraudibus
914 3502 1116 3556 sanctissimum
1129 3520 1224 3559 omncs
1236 3520 1349 3571 puerum
1363 3521 1525 3576 agnoscere,

329 3601 408 3669 eujus
425 3607 531 3668 pridem
549 3617 660 3673 amore,
692 3607 893 3674 admiratione,
924 3609 1046 3660 oraculis
1062 3591 1237 3676 terebantur,
1269 3623 1384 3673 eumque
1416 3613 1524 3677 magnis

620 3749 747 3762 ἡ

327 3834 403 3895 iilli
421 3839 526 3897 (Cava)
543 3850 579 3887 ne
612 3834 771 3889 conservait
803 3851 921 3903 presque
953 3841 1013 3892 rien
1045 3843 1149 3892 deses
1177 3842 1279 3908 coriis,
1316 3847 1344 3893 et
1367 3855 1471 3896 comme
1489 3846 1524 3897 iis

380 3909 483 3959 e'toient
499 3908 663 3958 recbercbes
681 3921 751 3958 avec
769 3917 998 3978 cmpressement,
1031 3911 1051 3961 ii
1068 3913 1109 3962 les
1138 3915 1249 3962 donnoit
1275 3925 1345 3964 avec
1369 3929 1422 3965 une
1442 3918 1522 3968 bonta
1625 3939 1629 3944 ·

380 3984 478 4028 etune
509 3979 613 4028 facilite
640 3975 721 4040 quon
754 3981 856 4030 oscroit
873 3994 989 4044 presque
1014 3983 1054 4032 lui
1079 3987 1245 4046 remocior,
1279 3985 1304 4035 si
1329 3997 1376 4034 ces
1404 3988 1522 4050 qualitc's

378 4049 460 4111 apres
485 4053 545 4098 tout
569 4045 701 4099 n'ctoient
724 4043 897 4111 prtic'rabies
922 4065 977 4102 ιιιιιι
1000 4052 1089 4104 talens
1114 4056 1149 4104 de
1173 4049 1289 4116 l'csprit.
1325 4057 1524 4110 Memoirea

379 4121 398 4169 l
418 4134 442 4169 c.
461 4132 525 4184 pag
545 4121 605 4170 ati.

324 4180 376 4253 Η)
395 4190 455 4240 Une
473 4189 645 4251 penetration
661 4190 762 4240 subtile
779 4194 808 4241 et
823 4193 957 4254 prolonde
975 4194 1042 4244 dens
1059 4189 1231 4261 i'invention,
1251 4209 1302 4246 une
1320 4199 1422 4248 nettet'
1396 4202 1423 4248 te
1437 4198 1519 4249 admi

380 4254 458 4310 rabie
476 4263 543 4312 dans
561 4256 737 4322 l’exposition
762 4261 821 4312 iont
844 4263 872 4312 le
891 4263 1035 4314 caractere
1054 4273 1153 4326 propre
1179 4267 1214 4314 de
1245 4279 1292 4316 cca
1318 4269 1442 4318 dernicrs
1469 4272 1524 4330 (ies

379 4343 518 4395 ouvrages
545 4333 578 4380 de
606 4332 677 4381 belle
694 4331 862 4382 Litterature
888 4337 917 4384 et
944 4336 978 4384 de
1004 4331 1070 4399 goiit
1094 4337 1129 4384 du
1154 4334 1219 4397 pdre
1244 4336 1346 4395 (leva).
1383 4341 1456 4390 Dans
1481 4342 1523 4390 ies

377 4403 492 4453 Poesies
510 4401 620 4451 brilleut
636 4403 665 4452 ia
688 4402 844 4452 nouveaute
868 4405 917 4454 des
943 4405 1034 4471 idees,
1052 4401 1222 4496 l'c'legance,
1260 4407 1288 4457 le
1313 4408 1360 4458 feu
1385 4411 1523 4473 poetique.

378 4474 463 4522 Faut-
465 4473 485 4521 ii
509 4468 648 4522 s'itonner
672 4474 719 4521 des
743 4473 860 4524 editions
885 4475 1019 4526 reiterees
1042 4476 1087 4539 qui
1113 4472 1172 4526 s’en
1190 4480 1252 4527 sont
1275 4477 1360 4529 laites
1386 4493 1421 4530 en
1445 4480 1523 4532 italie

377 4548 406 4591 et
424 4545 487 4592 bora
505 4539 631 4608 d'ltalie,
662 4545 710 4592 des
739 4546 908 4594 traductione
933 4547 979 4610 qui
1008 4547 1050 4596 ies
1076 4551 1123 4596 ont
1146 4548 1197 4597 fait
1186 4551 1320 4610 tpasser
1350 4564 1385 4601 en
1402 4547 1524 4602 d'autres

378 4613 510 4677 langues,
529 4615 563 4662 de
581 4609 844 4675 l'enrpressement
833 4627 852 4664 a
868 4616 909 4665 les
926 4618 995 4676 lire.
1028 4618 1062 4667 de
1079 4613 1197 4670 i'estime
1222 4632 1258 4682 qu
1260 4613 1305 4672 'cn
1328 4631 1363 4672 en
1388 4633 1407 4674 a
1429 4615 1522 4674 fuitei

377 4684 610 4735 liemoiresl.
631 4698 655 4734 c.
673 4696 737 4749 pag.
757 4686 817 4737 tto.
