3634 5667
426 1548 725 1772 LlBER
777 1557 1252 1712 QUINTUS.
1310 1694 1343 1723 g

629 1966 1064 2041 ARGUMENTUM.

244 2157 323 2207 Aves
339 2154 483 2204 tartareae
499 2148 645 2217 Virginem
660 2149 691 2204 in
705 2151 783 2204 raiie
800 2165 863 2204 cun
880 2154 907 2205 a
925 2152 1033 2207 ioanne
1050 2149 1177 2218 Baptista
1191 2151 1351 2222 observant,
1368 2152 1449 2219 idque

281 2258 312 2309 in
335 2256 437 2307 cestrie
458 2254 606 2323 nunciant,
633 2259 662 2307 et
683 2253 787 2305 bellum
812 2256 973 2308 reuicitaut
1010 2258 1086 2309 Deus
1102 2256 1187 2309 Pater
1203 2257 1311 2323 Angeia
1327 2260 1455 2337 mancat„

279 2361 314 2409 ut
330 2358 479 2409 coelestem
495 2360 614 2410 Puerum
631 2371 694 2409 cum
711 2358 852 2411 (ienitrice
868 2359 899 2411 in
915 2350 1081 2413 Paradisum
1101 2360 1263 2411 terrestrem
1279 2342 1451 2415 transvehat.

279 2462 395 2513 Juuitua
417 2462 447 2514 in
468 2462 572 2515 somnis
589 2462 625 2514 ab
643 2461 757 2527 Angelis
774 2465 898 2514 armatur
915 2465 1050 2515 adversus
1067 2465 1171 2515 hostes.
1207 2462 1380 2515 Describitur
1395 2464 1450 2519 iter

280 2568 394 2618 aereum
411 2566 441 2618 iu
456 2568 590 2619 terrestre
607 2563 753 2633 Elysium,
772 2567 802 2616 et
819 2563 914 2617 clades
924 2566 1102 2619 'Daemouum
1118 2564 1147 2619 in
1164 2562 1240 2619 valle
1257 2569 1389 2623 heroum.

343 2779 439 2850 Rem
462 2801 583 2880 prope
609 2772 870 2872 coelestemf-[si
893 2772 953 2847 cui
977 2792 1150 2885 spectare
1175 2774 1366 2877 voluptas,

243 2897 326 2967 Huc
353 2897 455 2969 celer
479 2912 724 2997 approperet,
751 2894 1008 2996 Reginamque
1034 2896 1195 2969 aetheris
1218 2896 1285 2971 illa

243 3014 430 3088 Florifera
454 3016 494 3088 in
519 3016 615 3091 valle
639 3016 816 3120 aspiciat,
843 3038 940 3116 quae
967 3016 1109 3117 colligit
1132 3016 1283 3093 herhas.

242 3140 301 3207 En
311 3188 324 3226 ,
347 3136 476 3208 niveos
502 3138 695 3211 succincta
720 3136 822 3209 sinus
847 3137 991 3210 intenta
1014 3137 1158 3231 labori,

242 3257 294 3329 Ut
320 3282 405 3328 sese
429 3255 588 3329 inclinat
611 3257 772 3357 passim,
800 3283 875 3356 qua
897 3258 1059 3359 primula
1082 3259 1181 3355 risa,
1427 3274 1448 3340 5

242 3381 319 3449 Aut
343 3378 441 3451 risus
469 3404 621 3481 erpone,
649 3396 712 3451 aut
737 3377 859 3477 apium
869 3406 882 3473 3
911 3396 1153 3480 tenerumque
1178 3397 1375 3481 nepotem,

245 3498 320 3597 Qui
346 3524 474 3570 comes
494 3498 701 3597 ingreditur
708 3537 727 3590 ,ι
747 3496 902 3598 propius
931 3498 1153 3599 dignoscere
1179 3499 1375 3593 anethum,

242 3624 560 3719 Fragrantemque
588 3618 699 3691 docet
723 3617 934 3718 thymbram
959 3636 1211 3720 montanaque
1236 3620 1355 3721 fraga.

244 3740 372 3839 Ocyus
399 3739 608 3812 accelerate
635 3737 809 3838 gradum,
834 3738 888 3810 nil
912 3739 1102 3839 pulchrius
1128 3766 1292 3840 unquam

242 3863 283 3930 ln
309 3860 421 3933 terris
446 3860 585 3934 visumz
611 3857 766 3933 viridem
789 3860 889 3932 huno
915 3859 1107 3933 ascendite
1134 3860 1290 3957 collema
1402 3880 1448 3945 10

242 3984 324 4055 Huc
351 3982 502 4071 oculos,
529 3978 650 4053 donec
675 3979 927 4081 pulcherrima
953 3978 1061 4053 durat
1085 3981 1220 4080 imago.

242 4106 346 4199 Heu,
375 4130 441 4176 our
465 4120 542 4175 tam
569 4100 692 4173 subito
718 4101 864 4200 species
890 4118 969 4173 tam
994 4101 1056 4173 dia
1079 4102 1253 4177 recessit!

242 4226 344 4315 Heu,
371 4222 512 4323 gremio
539 4219 639 4293 redit
663 4222 704 4292 in
727 4219 937 4319 penetralia
963 4220 1065 4298 dives
1091 4225 1243 4297 onusto!

243 4347 341 4416 Nam
366 4341 588 4443 vespertinis
614 4340 690 4439 jam
713 4357 844 4414 rorant
868 4342 1037 4442 gramina
1062 4344 1238 4443 gepprpis,

242 4469 368 4565 Atque
392 4462 551 4535 humiles
575 4459 717 4533 circum
734 4459 894 4534 nebulae
910 4480 1020 4563 prata
1033 4463 1183 4536 humida
1201 4480 1372 4565 opacant.
1401 4478 1446 4545 15

242 4708 278 4758 V.
298 4712 341 4763 12.
379 4708 452 4759 Edit.
471 4706 576 4761 i'enet.
594 4718 645 4770 pro
663 4709 731 4757 tam
749 4706 806 4756 dia
822 4704 842 4756 i.
861 4704 966 4758 divina·
