3634 5667
327 629 392 708 ⁶3¹
746 610 987 681 cicun
1036 612 1099 684 iv.

259 812 277 887 l·
321 813 384 886 Bis
409 810 536 883 mersit
559 807 692 884 furtiva
716 833 884 899 manum,
910 809 943 880 si
967 805 1064 880 forte
1090 808 1159 882 sub
1173 807 1293 894 ,undis

320 932 449 1004 Altera
473 928 575 1030 virgo
601 928 717 1018 foret,
741 945 875 1028 stagno
901 955 996 1030 quae
1021 928 1177 1030 pulchra
1201 930 1345 1003 lateret.

319 1055 406 1124 Non
431 1068 510 1124 crat
533 1050 599 1123 illa
619 1051 733 1157 prior.
783 1051 893 1122 Dictu
917 1075 978 1136 res
1003 1049 1114 1121 mira!
1140 1049 1314 1148 capillos,
1440 1067 1512 1134 210

320 1172 415 1267 Ora,
440 1196 575 1271 genas,
599 1162 717 1244 vultus
743 1170 908 1271 speciem
932 1185 1137 1243 mutaverat
1161 1195 1321 1248 omnem.

316 1294 491 1394 Nympha
513 1289 722 1382 videbatur,
748 1288 877 1390 quales
901 1289 1038 1362 finxere
1063 1298 1198 1389 poc‘tae
1280 1308 1286 1320 ·

316 1413 493 1512 Corycias
518 1413 701 1513 nymphas
726 1412 1024 1510 venatricemque
1048 1410 1218 1484 Dianam.

315 1535 419 1636 Quae
445 1558 540 1605 nora
563 1533 615 1603 mi
638 1531 773 1606 facies!
801 1559 875 1632 quo
900 1557 1020 1632 nuper
1045 1532 1151 1606 fusca
1174 1531 1342 1606 recessi?

267 1678 271 1686 ’
312 1657 436 1753 Atque
461 1654 525 1726 uhi
549 1677 668 1724 meme
692 1653 813 1752 ipsam
839 1653 991 1728 demens
1018 1653 1134 1726 oblita
1158 1652 1319 1752 reliqui?
1437 1671 1507 1740 215

312 1777 374 1845 Me
398 1775 522 1874 rapuit
547 1790 647 1845 certe
673 1773 899 1846 latrunculus
925 1773 988 1846 ille
1013 1775 1173 1866 Puellus,

311 1898 435 1994 Atque
463 1895 574 1967 aliam
597 1895 687 1967 mihi
711 1893 909 1969 substituit.
961 1893 1024 1966 Sic
1049 1894 1114 1966 illa
1137 1893 1308 1991 furebat3

310 2015 538 2114 Miraturque
564 2040 723 2116 anceps,
748 2041 814 2089 cur
838 2013 925 2088 fons
951 2013 1185 2112 crystallinus
1210 2015 1265 2087 illi

308 2137 397 2209 Non
421 2128 529 2209 aliter
552 2152 692 2209 vestem
714 2136 874 2237 pariter,
901 2151 1121 2246 crateraquc
1146 2119 1287 2236 pingat.

309 2259 386 2328 Ter
408 2256 571 2349 frontem
594 2256 695 2356 rugis
719 2256 920 2348 contraxit,
945 2273 1077 2355 terque
1103 2282 1236 2330 serena
1433 2268 1505 2345 220
1554 2256 1557 2260 ’

306 2377 512 2478 Explicuit,
532 2377 692 2450 formam
717 2377 932 2476 experiens,
957 2393 1015 2449 ter
1040 2376 1201 2448 candida
1225 2379 1325 2454 risit:

306 2499 408 2594 Mille
433 2477 554 2572 modis
578 2497 688 2572 variis
712 2496 888 2597 finxitque
916 2496 1095 2569 corallina
1118 2497 1236 2589 labra,

307 2616 595 2721 Composuitque
622 2643 768 2710 comas,
794 2618 1031 2716 humerisque
1059 2618 1197 2718 aptavit
1219 2621 1397 2720 utrisque,

304 2739 540 2840 Intenditque
563 2738 711 2828 oculos,
738 2755 776 2810 et
799 2739 912 2811 movit
937 2737 1102 2814 eburnea
1126 2737 1244 2814 colla:

305 2861 479 2957 Quasque
510 2858 628 2957 magis
653 2857 777 2931 decuit
800 2857 942 2931 formas
968 2883 1009 2930 se
1029 2858 1129 2930 flexit
1153 2861 1193 2930 in
1217 2887 1368 2958 omnes,
1396 2885 1400 2890 ·
1429 2878 1500 2947 225

303 2980 385 3050 Nec
408 2979 506 3078 potis
530 2995 588 3049 est
613 3001 739 3048 amens
764 2978 871 3051 viridi
896 2978 1090 3068 discedere
1113 2981 1206 3080 ripa.

301 3097 482 3170 Discessit
505 3098 657 3169 tandem
681 3097 779 3169 notis
804 3097 993 3195 incognita
1020 3098 1130 3170 silvis.

299 3205 425 3316 thue
451 3216 600 3290 domum
623 3215 751 3308 rediit,
776 3233 1006 3316 matremque
1030 3235 1248 3318 patremque
1273 3219 1424 3313 fefellit,

302 3336 445 3410 Cuncta
467 3339 690 3435 renarrant,
715 3337 865 3411 dubium
891 3336 1024 3436 quibus
1050 3339 1200 3412 abstulit
1225 3367 1335 3426 omne

299 3460 385 3533 Vox
407 3458 529 3560 prior,
556 3476 594 3531 et
617 3482 753 3530 naevus
776 3455 889 3530 faciei
913 3459 952 3528 in
975 3476 1081 3558 parte
1107 3460 1271 3553 relictus,
1324 3485 1326 3492 ’
1423 3478 1495 3547 250

300 3577 528 3679 Nativaeque
555 3578 660 3677 genis
678 3577 799 3679 picae,
847 3578 1027 3652 Miracula
1051 3579 1165 3658 fontis

300 3854 334 3904 V.
348 3854 410 3907 21³.
423 3853 496 3905 Edit.
511 3853 639 3904 Venetae

463 3943 597 4008 Corycias
610 3945 689 3996 divas
701 3955 840 3996 naucum
854 3946 1072 4012 astrigeramque
1080 3951 1212 4028 'Dianam

298 4056 333 4108 V.
351 4058 412 4111 21³.
438 4055 623 4120 Coryciae
649 4059 820 4118 nymphae
840 4062 948 4107 antrum
971 4057 1118 4128 Corycium
1140 4067 1176 4116 ad
1194 4067 1323 4120 Parnassi
1338 4073 1493 4125 montisre-

440 4151 516 4200 ‹iices
529 4150 558 4198 in
574 4149 701 4212 Phocide,
717 4149 852 4199 Graeciae
868 4152 996 4221 regione,
1020 4155 1182 4208 incolebant.
1208 4159 1286 4210 ovid.
1309 4163 1421 4213 Heroid.
1445 4167 1491 4233 20,

438 4244 500 4294 att.
519 4244 631 4292 Metam.
653 4240 679 4304 1,
700 4241 761 4290 ³2⁰.

484 4344 508 4392 D
517 4343 527 4393 i
535 4354 553 4392 a
561 4354 602 4392 na
619 4327 774 4408 (Ἄρτεμις)
785 4342 962 4396 mtatoviset
971 4349 1104 4414 Latonae,
1115 4352 1241 4402 venando
1249 4351 1336 4404 silvas
1342 4353 1492 4407 incoluisse

435 4433 537 4500 icatur,
552 4446 632 4496 quam
646 4436 753 4484 obrem
769 4436 902 4486 silvarum
912 4443 940 4488 et
958 4452 1098 4490 nemorum
1111 4443 1171 4494 Dea
1185 4446 1339 4507 putabatur.
1375 4448 1449 4498 tiela
1465 4457 1491 4516 i,

437 4529 480 4579 1⁷.
499 4524 557 4576 Cic.
573 4526 606 4574 de
621 4528 678 4576 nat.
689 4526 818 4594 Deorum,
838 4531 866 4596 a,
880 4532 923 4581 tt.

295 4616 330 4666 V.
349 4619 409 4670 218.
426 4618 497 4666 Edit.
512 4619 610 4667 venet.
628 4628 678 4677 pro
694 4621 865 4680 anceysi.
881 4623 973 4673 eiiam.

296 4709 331 4769 Y.
345 4710 397 4762 224
415 4709 444 4760 in
457 4710 529 4762 Edit.
552 4710 653 4761 venet.
673 4710 814 4762 omittitur.
832 4787 842 4795 .
