3634 5667
676 349 681 360 ³
736 365 742 400 l

678 510 1064 639 crunnum.
1259 592 1260 597 κ
1397 576 1468 647 153

281 765 450 840 cultores
474 761 653 866 Ephraim
676 778 714 837 et
736 763 902 837 Theraeo
927 778 965 835 et
990 754 1233 833 Samaritidos
1258 781 1363 837 orae·

279 888 360 959 Illic
385 884 542 959 consilio
565 885 605 956 in
630 908 765 983 magno
791 882 1011 956 condixerat
1034 906 1175 971 amens,
1398 891 1469 961 365

283 1009 333 1081 Se
359 1008 482 1105 legem
507 1032 528 1077 e
554 1004 661 1078 coelo
686 1005 856 1097 missam,
882 1019 921 1074 et
943 1026 1039 1075 nova
1060 1002 1141 1099 jura
1166 999 1335 1073 daturum

281 1127 480 1227 Vulganda
504 1127 543 1198 in
567 1124 737 1227 populos.
787 1121 929 1195 Aderat
954 1146 1102 1221 quoqne
1126 1120 1268 1222 perfida
1291 1119 1392 1197 vultu

285 1248 499 1348 Composito
524 1245 664 1346 pellex,
689 1244 921 1345 pulchroque
945 1241 1163 1315 incenderat
1186 1266 1251 1313 ore
1456 1258 1460 1266 '

282 1370 436 1441 Rustica
460 1366 577 1441 corda
600 1369 734 1458 virum;
756 1365 821 1439 tali
848 1392 889 1439 se
916 1379 1126 1465 compserat
1150 1378 1242 1453 arte,

286 1488 350 1564 Sic
374 1488 500 1560 nitidis
527 1486 663 1560 collum
687 1486 837 1576 baccis,
862 1485 916 1559 sic
941 1502 1110 1584 tempora
1134 1506 1220 1559 vere
1401 1495 1472 1566 570

283 1608 467 1683 Florifero
493 1623 667 1697 ornarat,
693 1607 920 1706 gemmisque
947 1602 1102 1678 ardebat
1127 1618 1164 1675 et
1188 1617 1304 1691 ostro,

285 1727 396 1801 Nuda
420 1728 593 1800 humeros
618 1727 818 1826 niveosque
843 1728 943 1813 sinus
970 1744 1006 1798 et
1032 1726 1197 1797 eburnea
1221 1722 1332 1799 colla.

284 1851 367 1921 Nec
391 1848 511 1920 minus
537 1874 557 1919 e
582 1847 701 1920 roseis
726 1848 928 1921 manabant
954 1845 1074 1919 dulcia
1098 1844 1213 1919 labris

285 1968 430 2057 Verba,
457 1968 589 2067 quibus
614 1968 792 2042 blandum
816 1993 926 2040 saeva
950 1966 1156 2070 inspirabat
1180 1956 1380 2037 amorom.'⁸

287 2089 320 2162 O
346 2088 436 2159 mihi
462 2088 598 2160 dilecta
622 2107 707 2162 ante
733 2089 825 2162 alios
853 2087 1055 2160 Samaraea
1079 2091 1261 2188 juventus,
1405 2094 1474 2164 375

288 2208 330 2281 Si
354 2234 413 2279 ma
438 2209 670 2308 progenitam
697 2208 803 2281 coelo
828 2234 905 2280 non
930 2208 1054 2281 sidera
1077 2233 1223 2279 rursum

289 2330 472 2431 Optarent
495 2327 692 2419 reducem,
719 2329 751 2399 si
776 2352 852 2399 non
877 2327 915 2397 in
940 2330 1061 2426 patria
1086 2328 1237 2427 Olympi

289 2449 565 2551 Quamprimum
590 2449 779 2521 inveheret
803 2446 989 2524 stellantia
1013 2447 1141 2520 limina
1167 2446 1324 2545 conju13

287 2572 390 2643 Haec
415 2569 544 2661 sedes,
570 2569 711 2665 fateor,
736 2595 827 2669 prae
853 2566 995 2642 cunctis
1019 2595 1094 2641 una
1118 2582 1263 2641 teneret

287 2693 543 2763 Immemorem
568 2689 676 2763 coeli.
726 2693 862 2763 Terras
887 2689 1000 2761 invita
1023 2688 1207 2789 relinquo,
1407 2700 1478 2769 380

288 2810 441 2911 Quodve
467 2836 586 2910 queo,
611 2826 811 2882 extremum
835 2809 996 2883 lacrimis
1023 2810 1190 2883 obtestor
1215 2833 1389 2883 amorem.

288 2932 367 3005 Vos
394 2948 544 3025 contra,
571 2931 602 3001 si
628 2929 718 3029 quid
742 2932 877 3022 merui,
903 2957 972 3032 per
995 2933 1140 3003 Numan
1164 2949 1359 3031 utrumque

289 3049 462 3150 Conjugis
489 3068 599 3150 atque
625 3074 746 3123 meum
770 3069 856 3124 vota
880 3040 1082 3127 instaurate
1108 3052 1317 3152 quotannis,

288 3173 337 3242 Et
360 3196 561 3255 memorem
586 3171 704 3270 jurate
730 3169 839 3243 fidem
847 3200 860 3265 3
882 3197 1016 3271 meque
1043 3199 1109 3245 axe
1135 3190 1335 3274 supernam

290 3289 439 3362 Credite
464 3290 702 3367 descendisse
725 3294 853 3365 Deam.
903 3291 967 3363 Nil
990 3294 1178 3393 poscimus
1203 3293 1312 3385 ultra,
1405 3305 1478 3374 385

287 3410 369 3482 Nec
396 3408 497 3508 leges
524 3410 615 3482 alias
640 3436 753 3511 pono.
806 3411 889 3483 Sint
913 3411 1032 3485 libera
1058 3415 1190 3513 cuique

288 3529 474 3618 Arbitria,
502 3546 539 3600 et
561 3546 703 3602 vestros
730 3530 778 3602 ad
801 3548 925 3604 votum
950 3530 1074 3631 fingite
1099 3556 1245 3628 moros;

195 3724 200 3729 ,
287 3651 390 3721 Neve
416 3647 510 3720 adeo
536 3650 693 3722 immites
717 3650 875 3751 posthac
898 3650 1076 3751 imponite
1101 3653 1213 3726 Divos

289 3768 484 3851 Gentibus.
536 3770 568 3843 Ο
594 3770 739 3861 miseri,
764 3771 887 3843 coecis
913 3773 1116 3846 terroribus
1142 3772 1216 3845 acti

285 3892 370 3962 Huc
396 3914 537 3988 usque,
564 3907 602 3961 et
627 3916 719 3963 vana
742 3916 915 3991 superum
942 3892 1140 3967 formidine
1164 3893 1255 3967 lusi!
1406 3902 1476 3972 390

287 4012 442 4085 'I'alibus
466 4012 505 4083 in
530 4009 695 4112 speciem
718 4010 865 4086 blandis
889 4015 1118 4115 nequissima
1141 4017 1239 4091 virus

288 4304 326 4357 V.
344 4306 404 4358 stt.
424 4303 588 4355 Cultorea
605 4303 769 4365 Ephraim
785 4304 806 4355 l.
824 4318 850 4357 ο.
866 4306 973 4359 incolas
989 4308 1065 4358 urbis
1083 4312 1111 4359 at
1127 4307 1249 4376 regionis
1264 4302 1402 4369 Ephraim.

466 4397 747 4455 Theraat'l'hlrza)
769 4396 835 4448 urbs
858 4398 887 4449 in
911 4398 984 4450 tribu
1005 4400 1144 4463 Ephraim.
1179 4400 1239 4453 Jor.
1258 4400 1308 4466 12,
1327 4396 1371 4449 ¹4.
1407 4388 1511 4447 Gan?

424 4487 473 4539 ue.
488 4489 517 4553 6,
535 4491 562 4541 4.
618 4536 625 4547 ,

287 4580 324 4631 V.
342 4583 403 4632 875.
421 4581 495 4630 Edit.
513 4581 612 4631 venet.
630 4593 680 4643 pro
697 4580 791 4631 alios
808 4582 828 4630 l.
847 4593 951 4632 omnes.

287 4671 322 4721 v.
341 4675 403 4726 880.
420 4673 494 4726 stit.
512 4672 610 4724 venet.
627 4684 679 4737 pro
695 4672 816 4726 miseri
832 4674 852 4723 Ι.
868 4673 982 4725 trustra.
