3634 5667
684 548 1042 621 LIBERVII.

297 750 540 849 Alternisque
563 744 717 820 trahunt
740 744 873 819 amhae
898 742 1131 818 sermonibus
1156 742 1283 825 horas.

302 876 408 946 Haec
434 868 550 944 semel
574 865 676 939 haud
699 869 817 940 tenuit
840 890 944 956 sese,
972 865 1062 965 quin
1087 862 1216 937 sedula
1239 864 1364 942 multis

299 998 398 1067 Rem
420 1006 565 1093 peteret
589 968 765 1090 precibus
776 1043 788 1080 ,
814 1013 926 1088 quam
950 1003 1226 1086 pertentauerat
1250 1005 1336 1065 ante

299 1112 461 1185 Lusibus
487 1111 682 1204 obscuris,
705 1135 805 1182 nune
829 1097 1076 1183 vero‘exorsa
1100 1108 1291 1207 precando
1371 1208 1372 1213 Ἰ

305 1234 372 1305 Sic
398 1233 498 1303 fatur
524 1229 646 1303 dictis.
695 1231 835 1321 Maria,
860 1228 999 1329 iuquit,
1025 1253 1095 1328 per
1116 1244 1220 1301 vetus
1244 1226 1344 1301 istud
1455 1238 1501 1317 45
1574 1278 1576 1290 1

302 1355 507 1429 Commune
532 1337 734 1452 hospitium
756 1350 975 1451 primaeque
1002 1347 1208 1449 crepundia
1230 1368 1381 1424 nostrae

301 1474 446 1549 Aetatis
473 1472 580 1545 simul
607 1489 777 1562 exactae,
803 1470 954 1569 quando
980 1471 1106 1543 omnia
1131 1468 1279 1569 (sancte

303 1594 502 1695 Spondeo)
529 1609 675 1665 secreto
702 1591 771 1664 suh
796 1608 950 1692 pectore
978 1590 1079 1665 dicta
1102 1617 1297 1692 reponam,

302 1719 386 1791 Nec
410 1741 513 1787 meus
538 1714 621 1812 ipse
637 1712 732 1791 sc'tt
756 1714 912 1813 conjux,
936 1737 1008 1789 nec
1032 1713 1170 1787 resciat
1195 1726 1297 1805 aurs,
1396 1768 1398 1783 .

304 1837 404 1937 Quin
427 1835 597 1907 mihimet
621 1834 743 1907 studio
768 1859 974 1936 properare
1000 1834 1138 1909 obliuia
1162 1834 1261 1908 nitar
1268 1861 1282 1931 3
1459 1850 1505 1917 50

301 1956 429 2030 Persi
451 1955 543 2053 quid
566 1957 703 2047 merui,
729 1982 800 2056 per
826 1954 1008 2057 quidquid
1032 1981 1191 2057 poscere
1216 1954 1276 2027 fas
1302 1972 1371 2048 est,

305 2078 403 2150 Care
421 2077 510 2147 mihi
536 2094 623 2149 aute
648 2077 761 2173 alias,
786 2077 854 2151 cui,
870 2102 960 2169 vox,
986 2079 1046 2150 cui
1070 2078 1191 2178 gratia
1214 2094 1305 2151 ueta

304 2195 483 2269 Solamen
509 2198 628 2287 curis,
653 2197 771 2269 semel
796 2196 994 2269 exorabilis
1021 2216 1116 2277 esto.

303 2320 401 2389 Fare
426 2341 517 2415 age,
544 2317 627 2416 quis
652 2315 806 2389 tandem
830 2318 960 2417 genius
983 2335 1066 2392 tuus
1091 2317 1191 2393 iste?
1214 2344 1369 2420 puerne,

304 2440 368 2513 An
393 2436 556 2510 divinum
581 2436 723 2536 aliquid
745 2437 814 2513 tihi
833 2438 988 2540 lapsum
1012 2464 1057 2511 ex
1081 2440 1253 2535 aethere,
1286 2456 1327 2511 ut
1350 2440 1434 2539 ipsa
1460 2452 1505 2521 55

305 2558 510 2659 Suspicor,
539 2557 579 2628 in
603 2554 813 2656 gremium?
840 2557 926 2629 Tibi
953 2584 1114 2658 namque
1140 2558 1346 2633 simillimus
1370 2560 1435 2633 ille

307 2681 386 2753 Ore
411 2676 530 2751 refert
555 2679 651 2753 adeo
675 2696 777 2769 toto,
803 2694 915 2779 teque
942 2679 1113 2780 exprimit
1134 2706 1216 2774 ore,

307 2804 441 2901 Teque
466 2824 601 2894 uuam3
625 2817 669 2872 ut
692 2818 795 2872 certe
822 2800 860 2871 in
886 2800 997 2872 terris
1023 2801 1131 2901 quasi
1156 2800 1308 2875 credula
1330 2803 1452 2903 jurem

306 2921 396 2994 Nou
418 2921 593 2996 habuisse
618 2938 776 3022 patrem.
824 2920 913 2993 ¹I¹ihi
936 2947 1024 2996 vero
1049 2939 1154 2995 tanta
1177 2940 1362 3015 venustae,

256 3106 259 3113 .
307 3046 433 3141 Atque
459 3043 555 3115 adeo
581 3068 604 3113 a
622 3058 732 3143 partu
756 3041 810 3113 nil
836 3041 956 3141 gratia
980 3042 1135 3116 decolor
1160 3044 1249 3133 oris,
1463 3054 1509 3125 60

305 3163 371 3235 Nil
397 3163 542 3262 species
568 3161 682 3252 laesa,
709 3179 748 3234 ut
771 3164 896 3263 possis
921 3164 1198 3263 quodammodo
1224 3163 1328 3238 credi

307 3285 450 3372 Mater,
477 3282 598 3356 adhuc
623 3286 740 3383 virgo.
791 3284 952 3358 Veniam
973 3311 1110 3385 precor
1135 3286 1207 3361 ista
1230 3284 1399 3387 loquenti
1406 3312 1429 3381 5ι

308 3405 419 3495 Nam⁸
432 3420 515 3474 tuus
540 3401 612 3476 ista
637 3405 729 3477 facit
750 3406 911 3479 miserae
937 3404 1069 3478 deliria
1093 3424 1213 3496 natus,

310 3522 422 3595 Crine
447 3522 563 3615 adeo,
589 3546 715 3627 gestu,
740 3528 916 3625 vultuque
941 3525 1135 3625 oculisque
1162 3526 1344 3621 decorus;

308 3644 361 3715 Ut
385 3644 417 3715 si
440 3645 617 3719 mortales
649 3650 749 3721 Deus
775 3650 856 3746 ipse
882 3670 1072 3719 assumere
1097 3646 1209 3720 vellet
1351 3708 1354 3715 .
1463 3658 1510 3731 65

311 3764 559 3865 Omnipotens
584 3784 685 3841 artus
712 3764 848 3868 (ausim
873 3768 947 3840 hoc
973 3792 1123 3867 quoque
1149 3766 1294 3866 dicere)
1320 3766 1427 3860 tales,

309 3886 393 3957 Neo
417 3887 530 3960 credo
555 3914 719 3988 uuquam
744 3889 837 3960 alios
861 3886 974 3962 vellet
999 3888 1071 3961 sibi
1095 3887 1234 3989 fingere
1258 3888 1391 3969 vultus.

309 4007 448 4079 Nonne
471 4006 596 4099 rides,
622 4034 719 4108 quae
741 4008 864 4084 forma
888 4009 964 4102 illi,
991 4036 1088 4116 quae
1113 4012 1233 4110 gratia
1257 4009 1376 4101 fandi,

313 4126 385 4223 Qui
411 4125 545 4218 decor,
571 4129 667 4201 alme
693 4134 833 4202 Parcus
858 4122 1009 4220 rerum,
1034 4158 1129 4232 quae
1155 4132 1296 4206 lumina
1320 4131 1446 4204 fronte

310 4376 347 4426 V.
384 4381 419 4429 5⁰
437 4379 466 4428 in
483 4379 555 4430 Eut.
573 4383 674 4433 Venet.
693 4384 874 4435 desideratur.

311 4468 347 4517 V.
385 4472 428 4520 ⁵7.
447 4471 518 4522 Edit.
537 4473 662 4526 Veneta:
681 4476 775 4539 Usque
793 4478 862 4527 adeo
881 4480 909 4526 te
926 4488 997 4527 voce
1015 4476 1114 4528 refert.

311 4557 348 4608 V.
384 4562 429 4612 ot.
447 4562 520 4613 Edit.
537 4564 636 4616 Venet.
656 4580 706 4628 pro
725 4581 769 4631 qu
780 4570 880 4618 odam
892 4570 989 4620 modo
1006 4569 1075 4634 legit
1092 4569 1283 4631 pulcherrima.

312 4651 347 4701 V.
385 4649 430 4707 69.
448 4655 519 4708 Edit
543 4657 634 4709 Berol.
651 4670 701 4720 pro
717 4659 808 4710 alme
831 4671 976 4723 perperam
999 4660 1069 4726 legit
1092 4660 1174 4715 alma.
