3634 5667
714 576 954 659 urana
1003 572 1050 649 v.
1324 511 1338 539 ⁴⁷
1430 592 1476 675 tt

379 780 484 851 Haec
504 778 615 849 Pater
627 772 862 873 omnipotens
898 794 1057 845 cernens
1082 768 1129 843 de
1155 770 1296 850 vertice
1317 774 1478 881 Olympi,

283 900 402 1001 Impia
425 897 527 971 bella
550 921 663 967 manu
686 894 812 967 statuit
836 890 1066 965 confundere
1090 893 1233 969 inermi.

285 1022 364 1095 Sed
388 1024 546 1092 Puerum
569 1018 713 1089 interea
737 1014 821 1088 diva
845 1032 930 1086 cum
955 1014 1074 1083 Matre
1097 1038 1167 1112 per
1192 1041 1301 1091 auras

283 1145 405 1214 Trans
418 1138 557 1213 Orbem
572 1134 771 1237 profugum
782 1132 951 1207 Paradisi
963 1132 1195 1207 abscondere
1219 1136 1259 1207 in
1274 1138 1392 1217 bortis
1430 1156 1478 1236 45

282 1265 385 1334 Inter
409 1284 567 1332 amoena
589 1259 694 1359 jubet
717 1272 826 1359 prata
850 1272 1099 1355 aeternosque
1122 1282 1303 1334 recessus.

284 1386 386 1481 Ergo
411 1380 461 1454 ad
486 1407 527 1454 se
553 1379 713 1452 Genium
737 1376 879 1449 Mariae
902 1392 1023 1466 vocat,
1048 1393 1159 1475 atque
1185 1380 1238 1450 ita
1261 1381 1382 1465 fetura
1418 1430 1449 1443 --

283 1500 392 1577 Vade
418 1526 498 1601 age,
521 1500 668 1574 sidereo
686 1500 727 1573 in
749 1516 869 1572 terras
895 1495 1071 1569 delabere
1098 1522 1221 1592 curru,

283 1623 579 1723 Progeniemque
602 1646 724 1693 meam
748 1644 832 1693 cum
857 1617 1011 1715 Virgine
1036 1634 1217 1717 praepete
1241 1622 1370 1700 nimbo

284 1742 466 1815 Transfer
490 1743 529 1814 in
553 1741 671 1841 Elysii
690 1736 877 1813 terrestris
900 1735 1070 1836 protinus
1097 1761 1220 1837 agros,
1431 1768 1480 1837 50

286 1864 369 1962 Quo
394 1866 544 1933 Patrum
568 1856 810 1932 ilbramidum
834 1882 953 1957 nuper
976 1858 1234 1957 praemisimus
1259 1888 1416 1964 agmem

287 1983 412 2081 Atque
437 1980 515 2053 illic
541 1980 704 2070 lateant,
731 1979 852 2052 donec
878 1976 1066 2051 desaeviat
1090 1980 1161 2051 atri
1413 1969 1418 1977 ’

285 2092 507 2202 Tempestas
532 2101 637 2177 belli.
685 2098 819 2173 Socios
846 2122 996 2197 quoque
1020 2097 1116 2171 valle
1138 2120 1326 2202 receptos,

287 2222 453 2322 Quisque
478 2248 546 2295 sua
569 2238 611 2293 ut
634 2236 783 2294 maneat
802 2217 888 2318 vigil
912 2217 953 2289 in
977 2217 1156 2311 statione,
1181 2222 1345 2303 moneto.
1452 2268 1457 2274 „

284 2344 418 2441 Atque
434 2340 500 2413 ubi
521 2339 728 2415 concordes
753 2340 880 2413 hostes
907 2325 1107 2411 temeraria
1131 2339 1232 2414 bella
1431 2368 1479 2441 55
1601 2320 1610 2341 Ι

285 2462 495 2553 Excierint,
519 2486 584 2535 ros
608 2462 706 2533 hanc
730 2459 841 2533 terris
867 2459 1019 2534 avertite
1042 2477 1199 2559 pestem,

285 2582 344 2653 Ne
370 2580 489 2653 solem
514 2580 687 2670 ulterius,
712 2605 918 2682 puramque
945 2578 1138 2653 obnubilet
1159 2604 1315 2657 auram.¹

286 2702 369 2771 Dux
389 2700 494 2773 vobis
519 2700 679 2773 imbellis
706 2701 777 2773 erit
799 2699 1034 2800 virgunculas
1059 2699 1126 2773 tali

285 2822 358 2912 Eas
384 2818 479 2893 duce
502 2820 697 2920 perculsos
721 2821 862 2920 probro
889 2818 1084 2891 extrubare
1110 2820 1302 2920 superbos.

307 2971 321 2998 x
385 2939 450 3010 Sic
474 2940 526 3011 ait
552 2940 796 3038 Omnipotens
804 2967 818 3036 3
844 2965 917 3038 nec
940 2938 1000 3011 fas
1025 2940 1241 3012 mortalibus
1267 2944 1343 3020 alta
1433 2966 1481 3035 60

286 3056 454 3129 Scrutari
480 3058 654 3155 arbitria,
681 3068 719 3131 et
745 3085 876 3133 causas
901 3076 1046 3131 tentare
1070 3077 1253 3159 repostas.

286 3179 473 3254 Credibile
500 3195 704 3252 esttamen
728 3180 877 3253 humani
902 3179 1062 3255 voluisse
1085 3181 1229 3255 timoris

283 3300 428 3377 Indicio
452 3302 600 3372 Numen
624 3299 813 3399 fugitivum
839 3300 1072 3373 abscondere
1096 3279 1207 3391 Diti)
1252 3340 1254 3348 s

285 3422 344 3491 Ne
370 3420 479 3491 Pueri
503 3419 597 3492 vires
623 3414 754 3495 Divina
780 3446 992 3521 arcanaque
1018 3436 1163 3512 nosset3

286 3537 476 3611 Credibile
502 3556 559 3611 est
583 3540 695 3611 etiam
720 3541 852 3628 veteris
877 3539 1036 3615 voluisse
1060 3539 1226 3639 parentis
1434 3562 1480 3631 65

284 3662 421 3756 Regna
445 3660 591 3758 aperire
616 3687 734 3753 novo,
757 3659 850 3732 nulli
873 3660 953 3733 visa
976 3660 1174 3748 hacteuus,
1200 3658 1326 3758 Ada05

288 3779 395 3877 Quae
419 3778 524 3877 prior
547 3780 610 3852 ille
635 3782 747 3854 miser
772 3780 899 3881 specie
925 3778 1073 3853 delusus
1097 3779 1199 3852 inani

286 3897 429 3997 (Causa
453 3899 542 3973 mali
566 3901 718 4001 conjux)
745 3917 897 3972 aeterno
924 3898 1108 3973 clauserat
1132 3926 1246 3977 aevo..

388 4019 554 4095 Nunnius
579 4048 668 4121 ergo
693 4019 782 4093 Ales
807 4044 876 4120 per
901 4044 1022 4119 opaca
1046 4020 1193 4094 silentia
1217 4047 1353 4119 rerum,
1451 4050 1475 4065 ··

284 4139 474 4241 Αθῲξξὶίε
499 4139 595 4240 bigis
620 4140 717 4213 coeli
735 4166 805 4242 per
828 4140 1118 4244 inania'vectus,
1434 4162 1485 4233 70
1562 4158 1572 4201 ¹

284 4330 322 4380 V.
342 4330 388 4381 4³.
405 4330 477 4379 nan.
496 4330 596 4380 venet.
615 4340 665 4391 pro
684 4327 919 4381 confundere
935 4327 1020 4394 leglts
1037 4328 1177 4381 deludere.

285 4432 323 4484 v.
344 4434 389 4483 ao.
406 4432 575 4496 Elysium
593 4415 748 4498 (Ἠλύσιον,
769 4415 912 4501 μακάρων
930 4417 1029 4498 eicos)
1043 4430 1121 4483 locru
1137 4430 1166 4481 in
1183 4430 1281 4487 mediis
1291 4434 1391 4488 Inferis
1408 4438 1483 4495 cnut

394 4523 528 4575 felicitate
545 4528 642 4588 plenus
655 4529 764 4591 piisque
781 4525 933 4578 nominibus
950 4526 1145 4586 postmortem
1162 4527 1315 4579 destitutus
1331 4527 1423 4593 (Serv.
1447 4532 1488 4585 ad·

394 4617 474 4683 ung.
493 4620 561 4667 aen.
580 4624 608 4685 s,
625 4617 702 4686 ass),
720 4622 746 4671 a.
763 4620 784 4673 a
802 4628 853 4682 pro
869 4615 1002 4667 ramasse
1014 4616 1149 4669 terreant.
1188 4599 1191 4604 ’

251 4687 257 4699 ’
285 4706 323 4758 v.
343 4709 388 4761 as.
406 4709 489 4761 niu.
507 4708 531 4777 1,
549 4709 594 4761 ss.
1057 4718 1059 4721 ·
1323 4783 1328 4788 ,
