3634 5667
322 525 354 590 ,⁶
788 506 1109 582 LIBERI.

334 702 519 778 Gorbibua
542 703 582 774 in
608 718 721 804 caput
744 699 913 801 injectis,
936 702 1101 803 tectique
1128 703 1276 802 galeris,

334 827 438 926 Quos
465 823 599 922 cuique
625 824 815 924 ingenium
835 822 999 915 tulerat,
1020 822 1224 898 succedere
1249 825 1359 900 tectis
1461 844 1536 910 110

334 944 554 1045 Agricolae,
580 961 618 1018 et
642 944 780 1022 clausis
804 942 953 1019 nimbos
979 971 1108 1018 arcere
1135 945 1322 1026 fenestris.

332 1071 458 1168 Atque
483 1059 536 1140 ita
559 1093 802 1166 congressum
826 1066 970 1166 pluvia,
999 1083 1036 1138 et
1060 1093 1134 1140 nox
1155 1085 1235 1140 atra
1263 1067 1419 1144 diremit.

406 1190 477 1262 Ast
499 1184 564 1259 ubi
590 1186 739 1275 deterso
764 1189 912 1290 penitus
936 1187 1157 1264 nitidissima
1180 1193 1262 1262 Eoo

331 1313 443 1389 Mane
469 1309 758 1409 auroralalgens
783 1309 914 1383 humili
939 1309 986 1381 de
1012 1306 1107 1384 colle
1133 1310 1290 1402 refulsit,
1318 1377 1323 1386 .

332 1433 548 1505 Convenere
574 1455 704 1503 senem
729 1430 902 1505 Susanna
925 1448 963 1504 et
987 1431 1166 1504 Debbora
1190 1432 1365 1532 primae,
1459 1447 1532 1514 115

330 1552 445 1653 Queie
470 1553 589 1628 Maria
613 1537 699 1628 ante
725 1555 817 1630 aliae
841 1551 971 1653 primis
999 1570 1211 1626 assueverat
1232 1555 1340 1626 anuis

330 1673 474 1746 Bimula
497 1674 639 1764 adhuc,
665 1677 813 1776 utrique
839 1673 929 1748 olim
954 1672 1167 1746 discrimine
1192 1699 1308 1773 parvo

328 1793 491 1868 Are'olae
518 1795 653 1893 junctis
678 1796 818 1870 laribus
844 1795 1080 1870 contermina
1099 1811 1211 1866 tecto.
1302 1821 1307 1841 ¹

329 1915 425 1987 Huic
449 1914 515 1988 illa
539 1917 719 1990 intextum
742 1918 922 1993 velamen⁴
935 1918 1108 2005 miserat,
1135 1915 1189 1988 illi

330 2035 516 2109 Niliacam
541 2063 693 2134 zonam,
716 2058 756 2114 et
777 2040 899 2140 gnatis
925 2063 1074 2138 quoque
1099 2038 1193 2128 Diva
1217 2035 1396 2136 gemellis,
1457 2049 1530 2116 120

328 2155 530 2256 Utriusque
553 2185 715 2251 memor,
742 2185 830 2234 cera
855 2160 903 2234 de
930 2158 1091 2234 candida
1116 2157 1297 2230 eburnum
1409 2247 1411 2252 y
1489 2207 1492 2212 n
1551 2245 1556 2256 Κ

330 2275 539 2359 Addiderat
560 2277 660 2356 dono
685 2309 826 2385 pupum
849 2308 934 2356 cum
960 2279 1123 2356 crinibus
1150 2279 1284 2370 aureis,
1394 2365 1397 2372 Δ

329 2397 480 2472 Vellere
506 2404 753 2505 compositum
777 2406 907 2500 niveo,
935 2420 973 2476 et
998 2399 1206 2490 devellere
1232 2397 1366 2506 eodem
1465 2443 1468 2454 .

330 2516 592 2598 Candidiorem
616 2523 733 2608 ebore
759 2543 797 2599 et
820 2525 949 2626 cycnis
974 2522 1194 2620 adjunxerat
1219 2545 1366 2618 agnum.

327 2641 405 2714 Has
428 2643 554 2717 senior
578 2670 724 2720 merces
748 2647 813 2719 ubi
837 2645 1009 2746 protulit,
1036 2643 1133 2716 inter
1159 2639 1278 2734 odora
1457 2649 1526 2728 125

329 2760 510 2837 cinnama
533 2791 626 2865 quas
651 2791 780 2840 secum
800 2785 1040 2845 convexerat:
1066 2766 1148 2850 Hoc
1174 2761 1244 2834 tibi
1267 2761 1405 2848 velum,
1501 2811 1503 2816 ,

330 2881 501 2958 Susanna
509 2914 522 2980 3
547 2887 664 2975 hanc,
689 2889 821 2987 inquit,
846 2892 1019 2962 Phariam
1045 2885 1131 2976 tibi,
1152 2879 1526 2980 Debbora‚4pallam;
1641 2947 1642 2952 ,

328 3005 454 3104 Atque
477 3006 574 3079 haec
597 3009 758 3098 Benoni,
784 3011 879 3082 hacc
903 3009 1037 3084 Vasthi
1060 3003 1279 3076 munuscula
1303 3001 1403 3074 ferre
1529 2981 1535 2994 ’

330 3125 522 3200 Commisit
540 3128 678 3218 Maria,
703 3129 821 3227 inque
843 3131 899 3204 sui
925 3155 993 3208 vos
1018 3129 1152 3228 pignus
1180 3125 1315 3198 amoris

329 3243 405 3319 Ista
428 3264 558 3321 tenere
582 3268 709 3350 rogat:
734 3252 879 3324 veniam
903 3248 1013 3324 simul
1038 3275 1156 3348 usque
1182 3264 1394 3347 precatur„
1452 3256 1523 3322 130

329 3367 371 3438 Si
395 3382 473 3442 non
497 3369 616 3470 plura,
643 3372 726 3444 exul
750 3397 885 3471 nempe
912 3390 951 3442 et
974 3369 1222 3470 paupercula,
1249 3368 1376 3443 donat.

330 3479 565 3589 Obstupuere
592 3493 724 3566 ambae
748 3513 968 3592 percussae,
995 3509 1032 3564 et
1055 3489 1170 3562 multa
1194 3489 1359 3565 volentes

329 3611 478 3702 Dicere,
503 3639 581 3686 non
605 3613 688 3686 illas
713 3613 902 3714 lacrymae
930 3613 1160 3712 gemitusque
1187 3611 1369 3684 sinebant.

329 3733 530 3823 Mirantur,
555 3751 777 3833 versantque
802 3759 915 3806 manu
940 3734 1155 3808 tenuissima
1179 3733 1268 3823 lina,

330 3853 475 3952 llixque
502 3853 640 3929 audent
665 3855 787 3954 digitis
814 3854 1030 3954 contingere
1054 3880 1164 3928 cerea
1190 3852 1340 3951 summis
1454 3870 1525 3936 135

329 3977 506 4066 Munera,
532 4003 604 4050 nec
630 3994 779 4050 cessant
803 3975 953 4048 alternis
979 3975 1138 4047 reddere
1164 3990 1298 4073 grates.

329 4096 486 4193 Jamque
511 4098 606 4169 aliae
631 4100 775 4170 interea
798 4113 955 4186 matres,
982 4113 1218 4196 nuptaeque,
1243 4120 1447 4192 nurusque,

329 4275 365 4327 V.
386 4276 446 4329 113.
466 4275 564 4324 Eous
594 4280 636 4326 est
654 4277 769 4326 Lucifer
786 4255 1000 4344 (φωσφόρος),
1039 4279 1122 4330 stella
1138 4276 1265 4330 Veneris.
1303 4277 1361 4330 cfr.
1376 4277 1433 4346 v1,
1460 4279 1524 4330 204.

468 4367 547 4432 virg.
568 4368 669 4433 θεοῖς.
688 4366 711 4434 l,
731 4370 792 4420 288.
1483 4397 1485 4401 ’

329 4459 363 4508 v.
384 4461 444 4511 120.
462 4458 629 4510 niliaca,
646 4463 665 4511 v.
685 4475 712 4525 q.
731 4462 886 4528 aegyptius.
905 4459 928 4526 1,
949 4462 992 4512 ar.
1071 4449 1074 4456 '

327 4550 362 4604 V.
383 4553 444 4604 12².
463 4549 580 4612 Pupus
606 4556 632 4602 tv.
655 4554 675 4605 l.
694 4554 870 4622 imaguncula
885 4554 1019 4616 quaedam
1046 4557 1167 4619 speeiem
1190 4555 1269 4618 pueri
1291 4551 1385 4603 tenelli
1411 4561 1527 4613 reprae-

464 4647 587 4697 nectam.
