3634 5667
297 535 443 639 „rot
550 585 552 588 .
761 526 1005 599 arnna
1054 528 1116 601 vr.

1624 634 1625 667 l

449 722 545 793 Tum
568 719 644 795 late
667 720 857 796 Ausoniae
880 741 1010 823 gentes
1036 721 1224 799 discordia
1249 725 1402 807 demens
1498 748 1540 815 55

346 843 450 917 Hinc
475 861 586 942 atque
609 842 697 916 hinc
723 842 855 925 odiis
844 869 884 915 m
907 861 1035 922 mutua
1059 846 1138 919 fata
1164 847 1298 921 ciebat.
1471 890 1473 895 ·

317 932 471 1046 ιθαιιεα
493 962 582 1037 mali
606 964 778 1063 geminae
800 964 978 1065 perplexa
1003 964 1051 1037 ab
1077 969 1219 1068 origine
1244 988 1383 1071 partes,

326 1051 462 1185 {Queis
488 1083 634 1164 bicolor
658 1110 796 1157 nomen
820 1085 944 1160 fatalis
971 1102 1115 1163 tessera
1137 1088 1247 1163 belh
1235 1142 1249 1184 ,

348 1203 458 1277 Unde
483 1203 705 1303 bipertiti
672 1228 793 1289 cives,
809 1223 921 1305 atque
946 1208 1071 1307 asperi
1104 1229 1283 1309 agrestes,
1624 1256 1625 1263 ι

348 1329 398 1397 Et
420 1326 552 1427 populi
576 1324 713 1400 infensi
735 1328 898 1427 populis,
925 1346 1036 1428 atque
1059 1329 1212 1407 urbibus
1237 1332 1372 1409 urbes.¹
1497 1344 1541 1421 io
1624 1376 1625 1395 ι

273 1468 276 1478 ·
350 1445 449 1546 Quid
472 1463 640 1546 repetam
664 1472 793 1521 saevas
818 1466 910 1547 quot
932 1456 1057 1551 passa'
1071 1451 1245 1527 Hetruria
1270 1451 1426 1529 clades?

252 1653 255 1662 Ι
351 1568 450 1665 Quot
473 1567 606 1667 procul
631 1585 795 1644 extorres
820 1569 874 1647 vis
901 1573 1018 1669 egerit
1042 1570 1157 1671 impia
1182 1570 1310 1649 cives?

236 1699 238 1704 '
347 1692 433 1789 Ipse
457 1688 570 1760 miser
594 1706 696 1763 vates
721 1689 971 1789 nequicquam
997 1690 1079 1769 dira
1109 1692 1269 1769 minatus

347 1809 468 1904 Eritis
495 1826 532 1883 et
553 1835 712 1909 poenas,
733 1835 826 1908 quas
852 1812 934 1883 imis
960 1836 1078 1910 nuper
1105 1812 1248 1889 avernis

349 1930 527 2027 Videratp
551 1930 680 2008 infelix
702 1932 831 2031 patriis
858 1959 878 2002 e
903 1930 1036 2003 linibus
1063 1932 1146 2003 exul

347 2052 492 2123 Dicitur
518 2052 721 2125 excoluisse
752 2076 892 2151 agrum,
918 2052 1282 2151 curisqueleramen

348 2172 525 2248 Vinctum
549 2171 750 2245 instituisse
778 2171 896 2247 demit
922 2171 1106 2271 vitemque
1132 2173 1233 2245 beati

346 2293 465 2393 Elysii
489 2292 638 2383 furtum,
663 2294 759 2370 mira
782 2292 988 2393 propagine
1016 2292 1192 2383 adultam,

252 2502 257 2515 ι
289 2469 292 2481 .
347 2413 530 2496 Paulatim
553 2415 725 2486 Hetrusci
750 2438 903 2512 campos
931 2438 1058 2485 serere
1083 2440 1151 2515 per
1178 2437 1327 2489 omnes:

347 2536 639 2634 Tyrrhenasque
665 2534 777 2607 urbes
803 2560 949 2610 sacrum
976 2558 1190 2632 expressere
1217 2534 1412 2631 liquorem,
1504 2548 1548 2615 50

327 2646 556 2745 'Pistorium,
578 2655 713 2744 Senac,
739 2654 982 2755 Alpheaequc
1009 2654 1056 2725 ab
1083 2655 1225 2753 origine
1251 2658 1369 2728 Pisae.

348 2864 384 2916 V.
403 2870 446 2919 ³5.
464 2868 631 2918 Ausonia
649 2870 696 2927 (at
711 2870 831 2935 Ausona,
850 2866 961 2929 Ulyssis
974 2865 1044 2925 fillo)
1063 2865 1129 2919 olim
1145 2879 1194 2928 pro
1204 2870 1283 2929 parte
1300 2866 1398 2917 ltaliae
1409 2864 1551 2917 maritime

470 2958 544 3009 inter
563 2959 794 3009 Terracinam
818 2962 846 3008 et
866 2954 1047 3025 cajetam,
1075 2959 1171 3009 delude
1192 2971 1242 3021 pro
1264 2962 1322 3009 tota
1343 2957 1424 3008 ltalia
1449 2959 1549 3019 posita.

470 3048 550 3113 virg.
569 3052 637 3101 Aen.
657 3054 701 3119 10,
720 3054 764 3103 st.

348 3139 384 3193 V.
401 3144 446 3195 rt.
466 3143 640 3195 Geminae
657 3145 781 3214 partes
799 3142 819 3192 i.
833 3149 864 3193 e.
883 3143 970 3193 Albi
988 3145 1016 3201 et
1032 3140 1150 3205 Nigri.
1175 3141 1294 3197 Familia
1314 3138 1550 3191 Cancellieri

470 3234 582 3285 Pistorii
595 3230 742 3298 (Pistojae)
752 3236 781 3283 in
795 3235 863 3284 duas
875 3229 1013 3297 disjuncte
1025 3235 1086 3283 erat
1100 3232 1246 3297 factiones,
1264 3244 1375 3295 quarum
1386 3232 1551 3296 alteraNig-

469 3338 574 3392 rorum,
593 3326 682 3376 altera
697 3326 827 3377 Alterum
843 3338 942 3376 nomen
955 3327 1008 3376 sibi
1022 3326 1177 3387 assumpsit.
1208 3316 1317 3376 “Eodem
1329 3328 1451 3385 tempore
1469 3336 1550 3386 quum

469 3416 628 3469 Florentiae
645 3420 850 3481 potentissimae
862 3417 1028 3469 corchorum
1042 3421 1070 3470 et
1088 3419 1256 3469 Donatorum
1266 3418 1378 3477 (Gercti
1391 3420 1418 3466 ct
1435 3416 1550 3473 Donati]

469 3514 569 3576 gentes
583 3512 696 3570 intorte
714 3513 910 3578 obtrectarent,
930 3509 993 3561 Albi
1009 3522 1070 3559 cum
1084 3509 1195 3563 Cercitis
1215 3514 1242 3560 et
1253 3510 1332 3575 Nigri
1357 3520 1418 3557 cum
1433 3508 1550 3558 Donatis

469 3614 501 3652 sc
515 3598 722 3669 conjunxerunt,
741 3616 793 3667 quo
821 3603 926 3653 factum
953 3604 1004 3665 est,
1030 3605 1059 3649 ut
1083 3601 1154 3651 bella
1174 3602 1332 3652 tristissima
1349 3602 1496 3666 orirentur,
1524 3601 1551 3648 et

470 3695 609 3746 Dantur
628 3692 749 3760 (13⁰2)
741 3709 769 3746 m
782 3695 864 3746 exilio
877 3694 976 3744 vivere
990 3696 1145 3759 cogeretur.
1184 3693 1242 3747 Otr.
1252 3695 1322 3750 Dino
1330 3692 1489 3759 Compagui
1505 3702 1548 3753 ap

469 3787 602 3841 Mutatur.
640 3789 669 3838 T.
694 3788 742 3841 lx.

347 3865 719 3941 V.ii.1idit.venet.pro
739 3879 849 3929 miser
864 3878 885 3931 1.
904 3879 997 3932 etiam.

348 3967 384 4018 V.
402 3969 447 4028 48.
464 3968 514 4019 Ed.
523 3970 622 4020 Venet.
631 3972 673 4020 his
681 3984 771 4025 veras.
779 3975 863 4025 auctu
872 3974 929 4025 estt

506 4062 594 4125 Elysii
606 4063 708 4120 furtum
723 4065 845 4117 crevisse
857 4064 1002 4127 penatibus
1016 4057 1104 4131 ajunt,

504 4154 681 4212 Praetextam
691 4155 786 4221 muris,
805 4167 885 4217 quam
893 4156 955 4213 dein
963 4156 1138 4219 volventibus
1152 4154 1230 4209 annis

507 4226 718 4313 Diffusamlatc,
741 4248 850 4297 etmira
868 4247 1019 4310 propagine
1038 4248 1160 4297 adrrltam
1228 4282 1232 4291 .

349 4337 384 4389 V.
405 4329 451 4391 50.
471 4338 681 4401 Tyrrhenus
697 4340 716 4387 i.
737 4352 762 4401 q.
782 4340 886 4389 Tuscus
902 4340 964 4390 sive
980 4338 1122 4389 Etruscus.
1143 4338 1192 4407 Vl,
1218 4342 1244 4391 1.

349 4431 384 4479 V.
404 4432 448 4482 sl.
468 4430 566 4482 Omisit
580 4431 630 4485 Ed.
650 4430 747 4479 venet.

361 4516 365 4525 '
471 4522 671 4571 Platorium
693 4518 825 4587 (Pistoja)
843 4527 871 4573 et
887 4524 983 4573 Sena
1001 4523 1110 4581 (Sioua)
1128 4524 1211 4573 urbes
1224 4520 1362 4573 Etruriae.

452 4603 555 4664 -l'iso
579 4615 645 4663 urts
674 4613 802 4665 Etruriae
830 4616 866 4667 ed
883 4618 987 4667 Arnum
1013 4614 1126 4665 nuvium
1153 4614 1264 4667 condita
1289 4625 1308 4665 a
1329 4611 1438 4665 civibus
1458 4610 1548 4674 Pisae,

471 4705 651 4767 Peloponnesi
663 4708 732 4756 urta
746 4708 782 4757 ad
798 4706 932 4769 Alpheum
946 4704 1068 4759 fluuium.
1129 4686 1132 4695 ’
1406 4718 1409 4725 ’
