3634 5667
611 595 615 602 ·
700 559 939 628 LIBER
988 559 1047 630 111.

274 756 382 830 Justo
407 753 588 852 majorem
610 752 858 826 transmittere
882 752 1011 828 nititur
1036 777 1160 828 escam

277 878 542 949 Transversam
567 871 705 971 jugulo.
752 875 924 973 Dumque
947 870 1118 974 imp'roba
1142 874 1245 976 fingit
1269 880 1406 954 acerbo

277 995 327 1066 Sc
351 995 440 1067 fletu
464 994 580 1066 nimio
604 1018 838 1094 oppressam,
864 1018 936 1065 nec
958 1019 1070 1094 posse
1096 996 1285 1095 loquelam
1308 1065 1311 1076 ‚

274 1115 459 1204 Exerer'e,
485 1132 522 1187 et
544 1115 627 1188 relo
653 1115 794 1187 interea
819 1139 900 1187 sese
928 1115 1064 1187 arctius
1078 1101 1196 1189 'abdit
1324 1189 1328 1204 f

273 1237 441 1308 Intentos
467 1234 596 1308 oculos
620 1252 787 1308 metuens
813 1233 891 1331 (res
917 1233 1031 1307 foeda
1054 1235 1227 1336 relatui),
1397 1255 1468 1324 260

273 1354 455 1426 Paulatim
478 1373 587 1456 rupto
612 1354 813 1455 prodibant
836 1371 992 1454 unaque
1017 1353 1094 1427 lino

233 1505 239 1515 κ
273 1473 470 1547 Cornicula
496 1493 624 1549 exacta
649 1476 698 1549 ad
720 1494 869 1550 tornum
891 1473 1102 1574 turpissima
1118 1475 1218 1572 risu,
1316 1545 1319 1551 ,

274 1593 470 1666 Emicuere
497 1596 600 1695 ignes
627 1597 744 1670 oculis
770 1613 807 1669 et
830 1577 999 1694 tempore
1020 1593 1152 1667 eodem

274 1714 345 1784 Pes
371 1711 515 1788 lubrica
540 1741 561 1787 e
587 1716 691 1790 solea
714 1717 825 1815 fugit,
848 1713 1095 1814 vitulinaquae
1119 1739 1247 1788 coram

274 1832 422 1930 Ungula
446 1834 627 1908 subducta
648 1838 688 1908 in
712 1837 831 1909 solem
854 1832 1074 1907 foedissima
1096 1836 1206 1912 venit.
1397 1845 1469 1923 265

273 1951 469 2050 Diriguere
494 1972 594 2027 metu
620 1975 796 2052 cunctae,
821 1955 930 2028 simul
956 1954 1101 2054 agmine
1126 1953 1228 2028 facto

274 2073 399 2170 Terga
424 2071 581 2146 dabant:
606 2077 724 2149 tenuit
746 2075 882 2174 Virgo,
910 2099 1141 2174 excussoque
1165 2099 1303 2175 pavore

275 2189 513 2264 Obscoenam
530 2195 696 2268 rotulam
721 2196 890 2269 certatim
914 2221 1099 2267 murmure
1124 2221 1260 2295 magno

274 2309 463 2384 Sandaliis
487 2315 589 2411 jactu
614 2316 779 2405 alterno,
806 2315 977 2413 saxisque
1004 2316 1158 2414 petitam
1374 2391 1376 2398 Α

273 2430 399 2502 Turba
409 2432 616 2531 puellarum
625 2434 842 2535 insequitur.
879 2434 1084 2532 *Fugitilla
1100 2457 1369 2533 caterpamque
1395 2447 1469 2517 270
1495 2443 1497 2451 ’
1544 2462 1552 2518 ε

274 2549 465 2650 Occupat:
492 2551 578 2628 inde
603 2553 706 2626 efflat
731 2580 840 2652 grave
859 2551 1024 2626 olentem
1048 2553 1088 2624 in
1108 2552 1232 2625 limine
1257 2553 1409 2631 fumum.

277 2670 361 2768 Quo
386 2672 490 2748 ⁴socii
513 2671 613 2744 haud
638 2673 749 2771 longe
774 2671 1004 2762 tremefacti,
1024 2671 1063 2744 in
1088 2690 1189 2746 reste
1213 2673 1371 2748 latentes

273 2789 498 2886 Foeminea,
522 2791 638 2864 falsos
664 2819 821 2893 pucroS,
847 2793 1060 2890 luctumque
1084 2793 1207 2891 parati

271 2907 418 2980 Inferre
443 2909 481 2980 in
506 2910 686 3004 medium;
713 2912 907 2986 condictae
932 2909 997 2982 ubi
1022 2910 1163 2984 fraudis
1189 2912 1337 2988 inanem

272 3027 496 3100 Successum
520 3030 665 3121 ridere,
691 3057 820 3104 nemus
844 3031 1011 3120 subiere,
1033 3056 1103 3102 nec
1129 3032 1210 3106 ausi
1395 3048 1465 3117 275

271 3147 425 3221 Prodire
451 3150 490 3219 in
514 3177 686 3224 scenam:
712 3151 836 3224 densis
862 3152 902 3222 in
927 3150 1085 3224 nubibus
1105 3171 1230 3226 errant

272 3267 461 3341 Nazareos
487 3270 601 3344 colles
628 3273 767 3344 circum
790 3272 986 3370 vicinaque
1010 3297 1111 3362 rura,

272 3387 464 3486 Ancipites
491 3390 581 3488 quid
601 3409 731 3490 agant,
758 3418 832 3490 quo
854 3400 915 3463 r'es
940 3389 1190 3502 meditataque
1215 3375 1382 3491 vergant.

369 3512 469 3580 Ecce
495 3527 634 3600 autem,
659 3528 857 3612 postquam
882 3512 957 3608 jam
982 3509 1119 3582 dudum
1142 3511 1254 3611 Virgo
1281 3513 1437 3613 penates

271 3629 451 3718 intrarat,
471 3655 657 3729 purasque
681 3657 811 3704 manus
835 3628 1013 3703 tendebat
1040 3628 1212 3731 Olympo,
1243 3675 1271 3688 -·
1392 3646 1468 3716 280
1555 3663 1563 3690 ·

271 3747 445 3819 Fundens
469 3750 540 3820 rite
564 3775 715 3850 preces,
742 3752 851 3852 stygii
874 3748 974 3821 haud
997 3748 1127 3846 ignara
1151 3752 1295 3850 pericli,

271 3869 392 3956 Ecce,
418 3868 581 3968 inquam,
607 3868 749 3945 foribus
772 3869 969 3972 patefactis
995 3869 1149 3940 nuncius
1176 3871 1263 3942 Ales

255 3988 399 4060 'Astitit
424 4007 509 4061 ante
535 3989 683 4081 oculos,
708 4016 891 4090 roseoque
917 3989 1011 4060 haec
1037 4013 1102 4060 ore
1122 3987 1284 4065 locutust

270 4108 390 4192 „Diva
412 4109 511 4208 poli,
536 4109 594 4182 his
612 4113 769 4182 Puerum
792 4129 902 4209 teque
929 4107 1032 4180 ocius
1060 4107 1162 4210 eripe
1187 4111 1293 4186 tectis
1301 4138 1318 4206 3

268 4379 300 4429 V.
325 4385 377 4434 262
403 4397 479 4449 seqq.
497 4385 569 4436 Edit.
582 4386 707 4436 Veneta:

376 4473 538 4540 cornicum,
563 4477 699 4528 emicuere
720 4479 817 4543 ignes,
837 4480 865 4527 et
883 4480 1005 4537 tempore
1028 4475 1127 4525 eodem

375 4569 510 4619 Lubricus
531 4570 704 4631 escleapes
729 4571 801 4634 fugit
819 4570 971 4632 equinaque
991 4577 1084 4616 coram

274 4653 306 4703 V·
319 4658 380 4710 tto.
398 4659 470 4710 Edit.
484 4661 584 4712 venet.
605 4675 661 4725 pro·-
679 4661 898 4714 foodiss-ima
918 4661 936 4712 1.
961 4659 1115 4710 teterrime.-

1165 4753 1255 4830 ,p
