3634 5667
698 605 941 675 LIBER
988 604 1036 679 V.

266 798 478 891 Terribilis,
501 798 635 876 vindex
659 801 781 874 ensise
813 792 924 876 simul
948 800 1098 873 aethere
1131 799 1179 874 ab
1202 766 1278 875 alto

267 924 438 1023 Quatuor
463 948 486 995 a
506 921 623 997 tentis
648 947 717 997 vox
740 948 876 1021 magna
895 919 1022 993 audita
1040 942 1110 1021 per
1143 946 1270 997 auras:
1347 1006 1352 1009 ,
1395 934 1468 1013 450

267 1041 331 1114 Ad
356 1045 483 1134 chaos,
510 1043 559 1117 ad
582 1062 746 1145 puteum,
772 1068 889 1143 genua
915 1040 1073 1130 exitiale,
1106 1040 1258 1135 miselle.
1378 1061 1383 1077 ‘
1530 1092 1539 1131 ,

257 1163 507 1262 ‘Horrendum
531 1167 625 1239 risu!
651 1167 746 1239 rima
769 1166 901 1264 ingens
927 1173 1014 1237 a'e're
1035 1148 1166 1262 aperta
1191 1178 1260 1251 est,

243 1285 457 1382 ‘Astraque
483 1286 559 1357 visa
584 1285 686 1387 polo,
710 1304 748 1359 et
779 1285 974 1357 comitatus
999 1281 1181 1371 Numinis,
1209 1300 1247 1356 et
1270 1302 1371 1357 mors

269 1404 391 1477 Ossea
415 1407 646 1506 praecedens
670 1409 710 1479 in
734 1430 845 1506 equo,
870 1405 1162 1503 innumeraeque
1189 1402 1375 1485 cohortes.
1398 1436 1402 1441 ·

269 1526 354 1624 Quo
379 1527 458 1599 visu
482 1528 654 1601 turbatae
679 1529 793 1616 acies,
820 1551 936 1626 paror
961 1524 1100 1597 excisis
1133 1525 1286 1623 ingens,
1398 1534 1469 1612 455

269 1646 348 1717 Ceu
371 1646 528 1747 trepidis
554 1651 680 1725 avibus
706 1675 790 1724 cum
814 1647 975 1748 desuper
999 1645 1136 1745 ingruit
1169 1644 1239 1717 alis

269 1765 429 1856 Milvius,
456 1786 519 1843 aut
542 1770 661 1844 vultur
684 1787 808 1844 rostro
833 1768 1054 1869 improvisus
1080 1766 1240 1838 obunco.

268 1886 393 1959 Prima
418 1887 544 1986 fugam
568 1891 680 1964 remis
705 1892 870 1989 velisque
905 1912 1104 1988 capessere
1128 1882 1263 1961 Amida

270 2008 393 2080 Trans
419 2008 577 2097 Casium,
604 2027 641 2082 et
667 2010 792 2100 Seras,
817 2008 1064 2108 nimbosaque
1090 2007 1251 2080 culmine
1275 2009 1407 2087 Taurit

269 2132 379 2201 Parte
407 2131 479 2203 alia
503 2132 666 2231 Aegypti
689 2132 800 2205 turba
824 2136 945 2207 omnis
970 2128 1085 2203 foeda
1108 2130 1272 2202 Deorum
1400 2141 1473 2219 440

270 2251 313 2319 In
341 2249 485 2343 diuersa
510 2253 607 2323 trahi
632 2253 753 2353 longis
777 2254 923 2325 inrecta
951 2249 1128 2326 colubris.

269 2369 331 2441 Ad
356 2388 474 2444 terras
497 2372 633 2471 reliqui
659 2373 872 2446 condensae
896 2369 1090 2469 grandinis-
1119 2369 1238 2443 instar

270 2492 523 2592 Praecipitare
548 2510 670 2587 metu,
702 2492 794 2565 laxis
819 2492 1015 2590 ¹fugiamus
1038 2488 1195 2563 habenis

272 2610 355 2707 Qua
379 2613 466 2711 juge
490 2640 612 2713 prona
636 2614 778 2692 ferunt:
804 2630 903 2686 totus
928 2610 1002 2713 rqit
1027 2610 1115 2700 aris,
1142 2610 1192 2683 ab
1217 2608 1296 2683 alto

217 2765 221 2780 ¹
270 2731 389 2803 Millia
414 2733 620 2832 myriadum
645 2735 821 2834 princeps
846 2733 960 2805 trahit
984 2733 1163 2833 armiger,
1194 2731 1276 2830 ipse
1400 2740 1471 2819 445
1534 2723 1540 2772 ³

270 2831 635 2951 Bellipotens-“curru
658 2855 881 2954 insequitur:
907 2852 1023 2951 fugite
1048 2878 1177 2951 ocyus,
1213 2878 1316 2927 arma
1377 2930 1378 2935 ,
1454 2930 1457 2935 ,

271 2974 413 3044 Eruite.
448 2975 544 3045 Hine
569 2993 748 3073 peroret
776 2974 902 3052 clades
925 2974 1144 3068 vastissima,
1171 2999 1241 3047 nec
1267 2974 1325 3049 fas
1383 2998 1386 3012 ¹

228 3185 234 3200 Ι
271 3094 499 3191 Praecipites
522 3096 684 3167 retinere
708 3097 838 3172 minist
864 3094 1047 3169 fanaticus
1074 3118 1180 3167 error
1351 3072 1354 3081 ’
1432 3076 1437 3083 ’

271 3212 400 3310 Usque
427 3211 522 3285 adeo
548 3216 708 3316 exagitat
733 3218 900 3292 miseros.
951 3213 1058 3314 Fugit
1084 3215 1183 3287 avius
1210 3214 1290 3315 ipse

274 3334 453 3431 Euphius,
480 3352 517 3405 et
540 3336 669 3426 Babel,
697 3354 735 3408 et
758 3334 966 3412 Belzebubz
999 3352 1079 3407 ater
1104 3353 1232 3409 euntes
1398 3347 1471 3423 450

274 3607 309 3656 v.
330 3609 392 3659 429.
413 3609 523 3659 Simul
540 3614 693 3664 aethere
709 3613 753 3666 ab
771 3614 856 3665 alto.
892 3610 943 3663 Ed.
961 3611 1060 3665 venet
1077 3615 1097 3665 l.
1115 3617 1173 3665 trun
1190 3624 1328 3683 murmure
1346 3611 1432 3663 clera

274 3697 309 3748 V.
330 3700 393 3749 491.
414 3699 533 3754 chace.
553 3702 602 3782 lli,
622 3707 684 3757 461.
702 3707 753 3785 Et,
772 3706 872 3757 venet.
890 3706 911 3755 1.
929 3705 1056 3768 profundi
1072 3718 1123 3768 pro
1141 3704 1298 3757 rebelle.

272 3790 308 3839 v.
328 3792 390 3841 498.
409 3792 544 3845 Amida.
564 3794 611 3860 111,
630 3798 692 3848 446.

271 3880 307 3932 V.
326 3882 389 3934 439.
410 3881 539 3934 casius
557 3885 823 3946 (senseat-ouras)
841 3888 1038 3953 monslyriee,
1057 3887 1219 3938 Antioohiae
1245 3888 1307 3939 urbi
1332 3886 1471 3939 finitimus.

449 3974 562 4027 Seres
592 3979 684 4040 populi
711 3977 842 4043 scythiae
875 3981 1009 4030 asiaticae
1040 3980 1191 4029 orientalis.
1234 3980 1371 4029 Taurus
1393 3992 1471 4030 mons

413 4067 498 4118 Asiae
512 4070 677 4121 maxinme
693 4072 782 4134 Lycia
796 4085 882 4134 usque
896 4072 931 4121 ad
951 4074 1089 4121 extremos
1107 4071 1189 4119 seres
1209 4072 1376 4137 perducitur,
1401 4070 1471 4121 mul·

413 4160 512 4220 torque
528 4164 633 4211 montes
650 4162 678 4212 in
692 4166 810 4213 Boream
823 4166 851 4213 et
864 4166 994 4213 Austrum
1004 4164 1155 4226 vergentes
1174 4163 1261 4214 veluti
1278 4174 1371 4215 ramos
1391 4163 1471 4216 emit·

414 4248 459 4297 tn.
484 4250 551 4299 nn.
572 4256 599 4319 s,
619 4255 662 4320 er,
681 4256 725 4306 rr.
1044 4242 1046 4247 ’

271 4339 308 4393 V.
327 4340 389 4391 449.
408 4340 483 4389 Edit.
501 4341 600 4393 Venet.
618 4357 668 4406 pro
687 4347 847 4399 miseros
861 4348 880 4397 1.
903 4344 1034 4407 trepidos.

273 4429 308 4480 V.
327 4433 390 4483 tto.
409 4430 519 4482 Bate}
541 4435 756 4491 fictum-diaboli
778 4450 886 4491 nomen.
931 4437 1104 4503 Euphius.
1122 4428 1170 4504 111,
1191 4438 1252 4489 989.
1293 4438 1469 4489 Belzehub

414 4518 626 4604 (Βεελζεβούλ)
660 4542 735 4591 Deus
761 4542 797 4592 ub
821 4540 994 4591 accaronitis
1026 4540 1125 4603 cultus,
1153 4543 1184 4588 ut
1206 4551 1316 4595 merenas
1335 4540 1468 4605 abigeret.

414 4629 492 4679 inNe
508 4632 537 4681 r.
555 4632 681 4693 princeps
700 4634 842 4697 geniorum
868 4633 1003 4683 maloram
1022 4636 1148 4683 vocetur.
1176 4632 1274 4682 Mettis
1298 4632 1341 4699 12,
1359 4634 1404 4689 34.
1424 4634 1467 4683 tt.

372 4765 374 4770 .
413 4722 499 4773 Maro.
519 4726 546 4791 9,
563 4724 607 4776 99.
625 4724 692 4773 Luc.
712 4724 755 4792 11,
777 4728 818 4777 19.
839 4725 881 4779 19.
903 4725 945 4777 tv.

1240 4820 1287 4891 7.
