3634 5667
519 662 522 669 ¹
703 577 951 648 arnna
998 578 1059 649 111.

268 779 425 854 Emissis
451 776 520 850 slis
544 774 757 876 ingentibus
781 782 869 848 sero
893 775 1049 874 sparsis,

269 905 453 974 Tartareo
477 899 518 970 in
541 897 671 971 nimbo
695 898 831 999 pennis
854 896 1032 972 ‘subvecta
1054 895 1240 971 volabant.

269 1021 424 1093 Talibus
449 1019 657 1093 horrendus
682 1021 839 1120 spectris
863 1036 1038 1121 eruperat
1065 1019 1184 1095 Orcus

270 1141 388 1213 Multa
413 1142 567 1217 timens:
592 1166 664 1212 nec
689 1141 789 1212 enim
814 1141 964 1215 mortali
987 1165 1114 1241 pugna
1138 1137 1303 1239 gerenda

271 1263 363 1335 (lum
390 1263 524 1364 stirpe,
550 1279 615 1333 aut
639 1260 795 1362 simplex
819 1261 953 1362 aliquis
977 1259 1163 1334 fallendus
1190 1285 1315 1334 eremo

271 1383 468 1478 silvicola,
495 1401 533 1456 at
558 1383 652 1456 dura
675 1384 715 1454 in
740 1407 894 1483 superos
916 1400 1027 1482 atque
1053 1382 1169 1454 ardua
1191 1382 1231 1452 in
1249 1383 1371 1484 ipsun

270 1507 343 1576 Pro
367 1504 516 1604 templis
539 1504 688 1604 arisque
712 1505 851 1591 Deum,
878 1503 1081 1605 spoliisque
1106 1504 1279 1603 repostis,
1395 1521 1466 1592 205

270 1625 377 1696 Bella
400 1624 482 1697 fore
508 1644 705 1714 armatum,
730 1649 822 1723 gens
848 1623 1040 1723 praevidet
1063 1622 1196 1724 impia,
1219 1627 1378 1701 Numen.

370 1746 551 1818 Nasariae
576 1746 721 1818 interea
741 1761 902 1834 matres,
928 1762 968 1816 ut
993 1745 1063 1817 rite
1089 1747 1289 1841 quotannis

271 1867 354 1938 Mos
381 1883 480 1957 erat,
506 1865 691 1955 Infantes,
717 1891 877 1964 quorum
901 1889 1024 1936 annua
1049 1865 1128 1938 fata
1150 1865 1336 1961 redibant,

270 1986 447 2057 Unanimi
471 1987 511 2056 in
535 2004 645 2059 coetu
667 1985 821 2058 flebant.
871 1986 970 2056 Nam
991 2003 1135 2084 myrtea
1159 1987 1261 2078 silva,

270 2111 318 2178 Et
344 2106 436 2178 silva
451 2107 491 2177 in
514 2107 648 2178 media.
661 2125 810 2208 pratum
831 2105 1045 2206 circumque
1070 2107 1286 2206 frequentes
1399 2125 1471 2196 210

273 2226 444 2300 Colliculi
468 2228 589 2327 exigui
612 2245 924 2328 monumentaque
949 2228 1069 2300 tristia
1091 2230 1233 2329 passim

271 2355 387 2423 Extra
411 2351 513 2424 urbis
538 2374 664 2420 muros
689 2347 848 2422 fuerant.
897 2352 1108 2448 Fueratque
1133 2348 1207 2444 ibi,
1234 2369 1347 2449 gnato

271 2472 372 2544 Dina
396 2470 461 2543 ubi
484 2487 629 2540 moesta
653 2495 740 2559 sno,
768 2487 880 2569 atque
905 2496 974 2542 suo
996 2469 1243 2543 moestissima
1266 2472 1421 2569 Rachel,

270 2593 396 2690 Atque
422 2589 517 2662 aliae
541 2607 696 2688 aggesta
719 2606 821 2661 terra
843 2590 1056 2692 tenerisque
1089 2592 1274 2694 cupressis

271 2712 462 2795 Ornarant
484 2711 666 2801 tumulos,
692 2709 852 2783 tumulos
875 2727 1001 2783 tamen
1025 2712 1123 2785 intus
1148 2715 1300 2806 inanes,
1396 2730 1470 2802 215

271 2833 420 2932 Quippe
446 2831 594 2929 ignotus
609 2830 735 2902 habet
757 2831 889 2931 procul
914 2832 1002 2906 hinc
1028 2836 1256 2935 corpuscula·
1275 2836 1427 2938 agellus.

270 2952 334 3023 Nil
360 2951 607 3031 miserabilius
629 2952 744 3023 risum
769 2977 943 3051 unquam.
996 2955 1166 3055 Namque
1191 2975 1233 3029 ut
1258 2961 1404 3034 acerbis

271 3072 469 3145 Aerumnis
497 3071 627 3144 aderat
652 3097 748 3172 qnae
774 3071 883 3145 dictis
908 3072 1049 3146 blanda
1073 3075 1227 3171 mederi,

272 3193 472 3291 Solarique
497 3217 628 3291 aegras
654 3195 770 3293 Virgo
794 3193 989 3266 mitissima
1012 3221 1104 3270 roce
1292 3279 1296 3291 ¹

272 3319 320 3386 Et
344 3313 445 3386 vultu
468 3329 647 3413 poteratJJ
663 3314 763 3413 jurat
788 3341 937 3388 omnem
961 3317 1128 3390 evolvere
1153 3343 1282 3394 coram
1354 3367 1359 3380 ·
1398 3337 1470 3407 220

272 3435 425 3508 Flebilis
449 3435 626 3507 historiae
655 3436 810 3526 seriem,
835 3463 947 3536 quam
973 3438 1098 3510 dicere
1123 3463 1238 3540 saepe

273 3558 480 3629 Consuerat
504 3554 668 3647 Rachel,
694 3557 762 3631 sed
785 3583 976 3656 nunquam
1001 3558 1055 3631 sic
1077 3559 1271 3632 lacrimata
1295 3581 1387 3653 est..

273 3679 354 3749 Nec
380 3676 468 3749 lavit
491 3674 612 3750 velum
633 3675 804 3767 uberius,
831 3704 906 3776 quo
932 3677 1071 3750 lumina
1096 3681 1206 3780 tergit

272 3797 461 3870 Interdum
486 3821 643 3876 narrans
669 3796 792 3870 calido
815 3799 1003 3871 manantia
1028 3799 1128 3876 fletu.

272 3923 355 3991 Heu
382 3935 510 3990 natum
534 3917 599 3989 illa
623 3942 729 3989 suum
753 3944 904 3991 caesum
929 3920 1128 3994 crudeliter
1152 3923 1236 4023 ipso
1397 3941 1467 4013 225

273 4043 315 4110 ln
339 4040 482 4139 gremio
507 4063 715 4138 parvasque
741 4065 891 4130 manus,
919 4059 1030 4140 atque
1054 4059 1213 4142 utraque
1240 4045 1339 4120 collo

272 4161 433 4232 Brachia
457 4159 671 4232 tendentem
696 4159 858 4234 lacrimis
882 4161 1130 4235 reminiscitur
1154 4189 1278 4264 aegra.

274 4473 369 4526 vaco
384 4476 413 4522 et
426 4472 487 4523 2⁰1.
503 4471 680 4522 tartarus
701 4472 762 4546 sivje
780 4468 897 4524 Tenere
909 4477 1014 4535 (orum)
1029 4472 1107 4526 locus
1122 4476 1275 4530 Interorum
1289 4484 1469 4544 protunutssi-

379 4562 590 4627 mus301cns
614 4565 721 4623 (Deus
734 4565 903 4633 inferorum,
928 4566 1001 4618 idem
1019 4568 1064 4630 qul
1082 4569 1161 4620 Pluto
1186 4574 1215 4622 et
1231 4573 1281 4623 Dis
1305 4574 1398 4640 Pater)
1418 4589 1468 4642 pro

378 4659 439 4720 ipss
455 4659 543 4708 morte
557 4659 586 4706 et
601 4657 665 4709 loco
677 4655 829 4710 Interamn
838 4659 981 4722 accipitur.
1017 4660 1098 4724 Vug.
1115 4665 1184 4715 Aen.
1203 4665 1231 4729 6,
1246 4666 1306 4717 8⁷³.
