3634 5667
680 607 1049 700 ,LIBERV.·
1273 647 1275 655 ι
1428 626 1513 697 33,¹

282 803 470 880 Narrabat
493 802 622 877 Matri=
647 805 779 895 Mater,
805 827 902 903 quae
926 801 1022 877 mira
1041 800 1111 903 per
1134 800 1304 878 umbram

231 982 234 989 .
278 928 383 1000 Haeo
400 926 491 997 mihi
515 951 589 998 nox
613 923 760 998 tulitin
784 924 923 997 somnis
949 924 1164 1027 spectacula
1184 926 1326 999 rerum!

282 1048 401 1145 Quam
426 1070 467 1117 se
493 1046 647 1137 coelesti
670 1047 789 1117 Maria
813 1043 949 1118 obtulit
973 1044 1083 1121 obvia
1104 1062 1225 1120 restet
1398 1064 1470 1132 100

281 1166 352 1266 Qui
377 1166 510 1265 eapitis
528 1167 653 1243 ,decor
677 1182 715 1239 et
739 1165 878 1239 cultus!
905 1162 971 1265 qui
995 1189 1144 1265 gressus
1171 1165 1289 1243 eunti!

281 1287 350 1358 Illa
375 1288 465 1358 mihi
489 1288 528 1359 in
552 1304 662 1388 prato
687 1304 745 1360 ter
769 1303 919 1362 centum
941 1287 1019 1361 risa
1043 1285 1188 1387 puellas

281 1411 383 1480 Inter
398 1407 554 1507 virginei
578 1407 804 1481 moderatrix
827 1406 984 1506 agminis
1010 1406 1136 1479 album

281 1526 465 1600 Vexillum
489 1528 681 1628 praeferre
706 1512 838 1604 manus
862 1552 998 1629 meque
1023 1525 1089 1600 illa
1113 1550 1315 1625 sequacem

281 1649 388 1720 Ultro
416 1649 596 1721 invitabat
621 1648 741 1723 dictis.
766 1648 892 1722 Vin'tu
922 1672 1071 1747 quoque
1095 1662 1225 1719 nostro
1405 1665 1474 1735 105

282 1767 457 1867 Adjungi,
483 1768 643 1860 Juditha,
669 1766 815 1841 choro?
840 1768 1056 1869 pariterque
1080 1766 1216 1839 referri

281 1890 358 1961 Has
382 1890 479 1960 inter
502 1889 657 1961 comites
682 1889 807 1977 Diras,
834 1911 928 1987 quas
953 1887 1119 1988 undique
1144 1887 1284 1991 campis

286 2008 501 2082 Concordes
528 2034 653 2081 errare
677 2004 808 2082 vides?
834 2008 899 2081 Sic
923 2006 990 2087 illa
1012 2007 1154 2083 serenio

281 2131 417 2202 Dicere
443 2130 521 2205 visa
544 2128 686 2204 modis:
713 2128 773 2201 cui
796 2128 891 2201 miro
917 2129 1066 2204 concita
1083 2154 1209 2203 amore

281 2253 448 2323 Assensu
473 2232 652 2323 ardebam
676 2250 791 2323 tacito
816 2250 906 2323 dare
932 2276 1082 2341 nomen,
1110 2267 1147 2323 et
1170 2249 1255 2350 ipso
1405 2268 1476 2335 110

282 2373 365 2443 Vox
390 2387 469 2442 erat
485 2370 524 2441 in
548 2369 668 2443 vultu:
695 2386 734 2441 at
759 2372 911 2443 conanti
931 2369 1090 2444 reddere
1113 2394 1225 2444 rocas

282 2490 412 2567 Verba
435 2489 557 2590 pudor
589 2488 718 2569 tenuit.
768 2491 886 2586 Castis
911 2508 1000 2565 tunc
1026 2490 1156 2564 oscttla
1178 2490 1294 2564 labris

282 2610 559 2710 Amplexusque
583 2611 702 2685 dedite
727 2612 959 2712 primamque
983 2611 1171 2684 recensuit
1194 2612 1291 2684 inter

282 2733 486 2831 Belligeras
506 2730 640 2805 socias.
689 2734 827 2804 Dextra
851 2731 1031 2831 laevaque
1055 2732 1225 2806 volucres

282 2854 454 2927 Protinus
472 2854 656 2953 armigeri,
684 2853 745 2925 hic
764 2850 1010 2952 chlamydem,
1035 2852 1094 2924 cui
1108 2852 1356 2927 candidalino
1406 2870 1477 2937 115

286 2973 382 3045 Crux
407 2971 530 3046 medio
556 2974 715 3067 inserta,
741 2972 804 3047 hic
827 2989 999 3070 torquem
1024 2972 1245 3074 galeamque
1271 2994 1479 3053 comantem

285 3096 400 3166 Ferre
425 3094 629 3172 videbatur.
680 3094 791 3167 Visus
818 3117 968 3191 quoque
993 3093 1137 3168 Jesulus
1163 3120 1229 3169 ore

286 3214 350 3287 Sic
376 3213 450 3286 fari
475 3240 606 3288 roseos
632 3213 790 3286 Nostros
814 3212 902 3285 hinc
928 3220 1079 3286 strenua
1103 3215 1143 3288 in
1166 3216 1294 3289 hostes

283 3334 461 3406 Bellatrix
486 3336 580 3407 haec
606 3358 710 3405 arma
735 3357 855 3431 geres.
905 3333 986 3404 Nec
1009 3333 1118 3434 plura
1142 3334 1307 3413 locutusr

283 3459 382 3530 Nam
406 3457 529 3531 subito
557 3453 654 3551 (risu
677 3451 848 3524 mirabile
858 3452 886 3552 l)
922 3478 1050 3526 eunus
1076 3454 1123 3527 ab
1150 3454 1226 3528 alto
1408 3468 1483 3535 120

283 3576 438 3648 Adstitit
464 3594 549 3649 ante
575 3573 704 3646 oculos
729 3574 844 3646 radiis
870 3591 982 3674 atque
1009 3599 1075 3651 axe
1099 3592 1265 3647 rotarum

281 3700 339 3769 Ex
365 3722 454 3769 auro
479 3697 706 3796 gemmisque
732 3695 834 3795 hyali
861 3694 1051 3794 stellisque
1077 3722 1290 3771 coruscans.

285 3815 368 3912 (Me
392 3816 565 3888 miseram
575 3817 603 3917 l)
628 3843 779 3889 somnus
803 3817 929 3890 media
951 3816 1049 3890 inter
1073 3816 1163 3890 talia
1187 3816 1300 3916 fugite

281 3937 366 4007 Nec
392 3934 464 4007 sihi
489 3936 580 4035 quid
602 3954 761 4037 poscant
785 3939 881 4012 haec
906 3965 1010 4011 arma
1034 3955 1096 4009 aut
1120 3938 1263 4037 praelia
1286 3937 1386 4020 nori,

282 4055 397 4127 Talia
422 4055 614 4134 ssavicomo
639 4056 802 4158 religans
829 4060 900 4133 sibi
926 4057 1062 4149 vertice
1088 4058 1209 4131 crines
1406 4056 1506 4138 125'

281 4177 448 4248 lntortos
472 4175 581 4274 spiris
607 4177 796 4253 referebat
820 4182 966 4272 somnia
989 4178 1126 4254 Judith.

381 4296 528 4404 Interea
553 4322 664 4397 super
687 4301 914 4400 Euphratem
938 4302 1152 4399 Tigrimque
1177 4315 1374 4372 sonantem

279 4416 469 4514 Penniger
495 4416 622 4519 auriga
647 4417 696 4490 ad
720 4424 809 4495 solis
835 4420 1020 4497 cunabula
1044 4446 1153 4495 verso

280 4562 708 4579 m

280 4623 319 4674 V.
342 4625 402 4676 ltu.
422 4626 583 4687 Euphrates.
602 4627 650 4693 111,
670 4630 731 4681 107.

357 4727 442 4795 Τῑὲῐ
450 4729 481 4779 ἰὸ
499 4717 611 4799 (Τίγρις
624 4728 643 4783 i.
655 4744 681 4783 e.
693 4733 834 4783 Medorum
847 4735 1063 4787 etarmenorun
1079 4731 1176 4797 lingua
1191 4722 1345 4793 sagma)
1362 4724 1391 4774 in
1404 4734 1482 4773 mon·

1204 4810 1273 4895 6*
