3634 5667
702 561 1035 634 LIBERII.
1416 577 1462 644 51

272 767 392 866 Quam
416 763 557 855 circum
580 783 699 833 canae
723 758 863 861 glacies
888 758 1069 832 miranmr
1094 773 1132 830 et
1155 756 1293 830 imbres

265 888 521 973 ¹Vernantem,
544 907 618 955 nec
643 881 774 954 duram
798 883 960 956 hiemem
985 880 1208 980 nimbosque
1225 879 1428 958 timentem.

267 1007 363 1078 Hinc
387 1003 644 1093 Bethsabaea,
671 1002 759 1076 binc
783 1003 946 1094 Rachel,
973 1019 1011 1075 et
1036 1001 1148 1075 Silvia
1173 1000 1312 1092 ridens,
1389 1014 1464 1086 250

268 1129 301 1202 0
328 1153 426 1226 quae
450 1126 552 1198 bella
576 1127 731 1198 humero
755 1125 868 1198 restis
895 1125 1065 1224 niveique
1091 1123 1280 1196 cothurni!
1453 1135 1457 1141 '

268 1251 373 1348 Quae
399 1254 530 1320 manus
556 1247 651 1319 haec
674 1247 795 1336 uerit,
820 1270 917 1345 qnae
942 1244 1030 1318 licia
1055 1243 1216 1317 candida
1234 1240 1368 1316 torsit?

265 1370 333 1440 Ille
356 1367 414 1441 ori
441 1367 556 1468 digito
581 1367 723 1439 inserto
745 1366 1019 1468 placidissimus
1044 1365 1177 1456 adstat,
1354 1345 1356 1354 Ι

266 1493 349 1561 Nec
372 1506 487 1590 pavet
511 1487 692 1560 hirsutum
713 1486 1109 1598 menmm‘Samuelis‚
1136 1502 1173 1558 et
1196 1479 1354 1559 horrens

265 1612 427 1684 Brachia
453 1612 611 1698 circum,
625 1606 986 1708 tsemiadapertaque
1010 1625 1168 1708 pectora
1193 1606 1320 1679 linum.
1397 1617 1464 1691 255

368 1734 418 1803 At
443 1730 533 1803 satis
548 1745 636 1820 est,
662 1747 820 1818 matres,
842 1729 933 1802 satis
961 1749 1036 1803 est:
1063 1729 1256 1804 discedere
1282 1727 1440 1802 lassam'

264 1854 350 1925 Jam
375 1852 485 1924 sinite
509 1851 549 1922 in
573 1850 714 1952 patrias
738 1850 873 1924 aedes:
899 1876 987 1923 nam
1010 1869 1181 1952 tempora
1205 1849 1322 1924 fando

265 1971 378 2044 Haud
402 1969 578 2045 deeruntt
604 1971 661 2044 sic
685 1971 791 2044 Beris
817 1996 931 2061 anus,
957 1971 1011 2044 sie
1032 1971 1212 2045 Debbora
1233 1969 1357 2061 dictis,
1456 2027 1459 2034 .

268 2087 334 2166 Sic
360 2094 468 2192 jubet
486 2115 551 2166 ore
578 2090 680 2189 gravi
705 2090 856 2162 Samuel
864 2119 877 2186 3
902 2117 995 2163 nam·
1016 2093 1147 2165 sistere
1171 2091 1277 2182 notit,
1326 2091 1330 2102 ’
1421 2093 1426 2102 ’

267 2217 350 2286 Nec
375 2211 550 2313 precibus
568 2230 725 2312 potuere
750 2210 854 2303 ullis,
880 2211 1101 2313 facibusque
1125 2214 1296 2315 praeibat
1394 2225 1466 2295 260
1510 2277 1514 2292 ,

265 2334 431 2422 Iuditha,
457 2333 570 2433 inque
596 2331 697 2404 diem
724 2331 1035 2433 (nequicquam,
1061 2335 1172 2425 Diva,
1199 2333 1369 2434 recusas)

268 2453 451 2526 Debbora
473 2455 549 2552 jam
575 2455 704 2527 statuit
726 2453 893 2526 convivia
918 2453 1015 2526 festa
1040 2471 1267 2553 sequentem.
1389 2481 1394 2490 ·

265 2575 375 2646 Talia
399 2575 515 2673 Virgo
541 2574 625 2646 tulit
649 2575 776 2675 patrio
801 2574 941 2646 solatia,
959 2574 1048 2665 ruri,
1076 2614 1079 2625 ·

265 2699 356 2767 Post
380 2710 531 2765 noctem
555 2694 754 2767 obscuram
765 2747 777 2784 ,
803 2695 963 2795 suspiria
986 2713 1147 2796 votaque
1175 2698 1303 2808 multa,

267 2814 483 2887 Mercedem
507 2815 628 2886 luctus
652 2817 870 2915 primaeque
897 2817 1116 2916 crepuscula
1140 2818 1245 2894 lucis.
1395 2833 1466 2904 265

368 2937 451 3008 Nox
476 2935 561 3006 ruit.
611 2937 655 3005 In
682 2935 780 3007 nidis
806 2936 996 3028 volucres,
1023 2938 1062 3009 in
1087 2939 1283 3016 frondibus
1310 2967 1412 3037 aura,

265 3057 352 3156 Ipsa
378 3055 491 3126 etiam
516 3054 608 3154 ripis
634 3071 767 3154 stagna
791 3056 978 3130 acclinata
1003 3060 1185 3159 quierant,

263 3181 311 3248 Et
338 3175 503 3247 dormire
526 3193 655 3274 putes,
681 3177 878 3278 pictasque
903 3179 943 3250 in
968 3183 1111 3282 gurgite
1137 3184 1263 3258 stellas

264 3301 361 3368 Esse
386 3295 611 3393 quiescentis
638 3296 862 3369 nitidissima
886 3301 1033 3372 somnia
1057 3303 1231 3404 limphae.

267 3416 361 3488 Cum
386 3415 476 3488 levis
502 3416 542 3485 in
566 3415 694 3489 nimbo
722 3416 878 3517 delapsa
902 3421 1112 3497 volucribus
1138 3426 1207 3498 alis
1393 3437 1464 3507 270

263 3535 427 3606 Laetitia
450 3536 490 3604 in
514 3551 634 3608 terras
661 3537 809 3611 stellato
835 3565 881 3611 ex
905 3543 1056 3615 aethere
1080 3546 1200 3620 venit:

265 3655 334 3728 Cui
360 3681 487 3728 comes
512 3654 575 3726 ille
602 3657 705 3729 ciens
731 3659 896 3751 animos,
924 3680 962 3735 et
983 3683 1139 3764 pectora
1163 3692 1314 3742 versans

263 3775 447 3876 Spiritus,
475 3801 497 3846 a
522 3777 668 3875 capreis
693 3780 879 3855 montanis
906 3809 1044 3856 nomen
1070 3786 1237 3888 adeptus,
1341 3811 1343 3814 ·

262 3897 437 3993 ignotum
460 3897 568 3968 Latio
592 3922 751 3993 nomen,
776 3900 982 3999 pictoribus
1009 3906 1071 3978 ille

262 4015 453 4087 Interdum
480 4017 657 4090 assistens
683 4021 810 4118 operi,
835 4049 908 4096 nec
933 4027 1080 4125 segnius
1105 4027 1247 4100 instans
1388 4005 1459 4108 lii
1496 4024 1501 4125 Ι;

262 4135 422 4222 Vatibus
449 4155 536 4210 ante
563 4138 654 4213 alios
681 4140 796 4214 Musis
821 4146 1050 4242 gratissimus
1077 4148 1226 4248 hospes.

362 4257 495 4328 Pastor
520 4275 601 4330 erat
624 4259 829 4360 Didymus,
865 4267 928 4366 qui
964 4266 1153 4367 quondam
1179 4287 1308 4371 captus
1334 4292 1459 4342 amore
1532 4258 1543 4272 ⁹

262 4372 425 4446 Caelesti
450 4403 534 4449 sese
562 4381 734 4453 comitem
760 4384 982 4488 sociumque
1006 4388 1132 4488 puello

257 4492 470 4566 Addiderat
493 4498 592 4576 lesu.
642 4503 677 4573 Is
702 4520 830 4580 ventos
855 4509 1074 4610 praedicere
1101 4509 1244 4603 doctus,

258 4637 681 4661 Μ

260 4678 365 4733 Vm.
382 4684 472 4751 Vulgo
493 4687 700 4751 capiterio.
