3634 5667
682 576 962 703 ¹LIBER
1009 575 1069 653 lx.

276 746 617 872 Utiliter‚'misert;
643 802 710 849 sua
735 779 896 878 quisque
921 778 1096 878 adsigna
1120 794 1302 877 sequaces

276 900 455 975 Mortales
478 901 621 972 trahat:
646 898 718 999 ipsi
743 916 865 971 autem
889 901 927 972 in
954 926 1020 973 sua
1045 899 1180 972 damna
1202 898 1362 973 vicissim

276 1023 385 1094 Hane
407 1037 567 1095 vestram
591 1018 764 1091 dirimant
789 1016 883 1092 odiis
910 1037 947 1091 et
972 1021 1148 1119 sanguine
1172 1013 1285 1094 litem.
1420 1028 1467 1109 40

278 1141 355 1243 δὶςΔ
371 1144 435 1243 ait.
484 1140 634 1212 Inferna
658 1140 799 1241 placuit
823 1141 1004 1213 sententia
1028 1141 1107 1240 regi
1114 1168 1126 1233 3
1247 1184 1249 1191 ι
1554 1144 1564 1176 ’

279 1241 512 1359 Collatisquel
531 1260 640 1333 simul
667 1260 873 1333 cervicibus
899 1285 1095 1334 assensere

279 1380 495 1454 Concordes
521 1406 663 1454 omnes.
714 1379 787 1454 Olli
814 1382 901 1455 data
927 1408 1016 1455 eura
1040 1407 1109 1483 per
1132 1380 1262 1454 orbem

278 1506 393 1574 Ferre
417 1520 473 1575 tot
498 1503 688 1601 ambiguas
712 1501 838 1593 tricas,
866 1530 958 1604 quas
985 1503 1188 1576 saevasub
1215 1504 1315 1577 Orco

280 1623 447 1695 Edidicit
467 1624 582 1723 prius,
607 1638 645 1694 et
669 1621 786 1697 libros
812 1624 965 1718 digessit
990 1624 1029 1695 in
1054 1624 1197 1725 amplos
1423 1632 1470 1712 45

279 1746 352 1816 Per
378 1745 514 1844 capita.
563 1740 654 1813 lude
680 1742 775 1817 dolis
800 1745 979 1818 instructa
1005 1762 1117 1845 atque
1144 1762 1223 1817 arte
1247 1743 1409 1817 nocendi

281 1864 455 1936 Protinus
480 1865 691 1963 Aegyptum
716 1882 826 1964 atque
851 1864 964 1937 Afros
990 1867 1192 1966 Asiamque
1216 1890 1285 1967 per
1310 1892 1469 1961 omnem,

281 1984 394 2055 Nuno
419 1983 498 2072 bas,
524 2009 623 2055 nuno
647 1984 729 2057 illas
754 1984 867 2056 Erebi
893 1985 974 2067 sibi
989 1986 1120 2059 sedula
1144 2003 1284 2059 turmas

281 2102 498 2202 Adjungens
521 2102 658 2193 tabem,
685 2108 857 2207 contagia
882 2106 1037 2204 diraque
1065 2107 1212 2208 sparsit.

282 2226 338 2295 Ex
362 2223 426 2297 illo
453 2224 534 2323 quis
561 2224 697 2297 acerba
720 2227 848 2315 virum,
875 2228 957 2324 quis
981 2226 1114 2297 funera
1137 2224 1253 2299 fando
1393 2316 1395 2326 Ι
1426 2242 1473 2313 50

282 2343 507 2442 Fatalesque
529 2345 627 2418 vices
653 2345 861 2418 memoret?
887 2349 1076 2445 Nusquam
1101 2345 1165 2417 illa
1192 2347 1341 2445 quievit,

283 2466 359 2537 'I'ot
383 2490 465 2537 sese
486 2465 525 2535 iu
550 2464 667 2539 facies
692 2466 810 2555 vertit,
834 2482 890 2538 tot
914 2467 1066 2537 nomina
1090 2466 1211 2556 sumit,

283 2586 447 2659 Urbibus
473 2610 666 2687 opponens
692 2587 816 2677 urbes,
840 2610 957 2684 regna
983 2610 1116 2686 aspera
1139 2585 1279 2685 reguis.

285 2709 367 2820 Neo
386 2733 502 2798 more,
528 2732 600 2779 neo
625 2708 793 2806 requies:
813 2706 916 2781 volat
941 2706 1096 2779 exitialis
1122 2698 1297 2809 Erinnys,

284 2829 411 2901 Hostis
435 2826 594 2916 acerba,
616 2826 737 2918 ferox,
762 2828 861 2901 civili
885 2828 1064 2927 sanguine
1090 2827 1271 2929 gaudens,
1426 2845 1473 2916 55

284 2948 503 3039 Ambitiosa,
527 2964 648 3036 tenax,
665 2948 873 3049 popularis,
899 2947 1052 3048 perfida,
1077 2948 1246 3021 mendax.
1359 3018 1360 3023 ,

283 3070 378 3159 Hoo,
404 3069 542 3169 superi,
565 3088 781 3161 monstrum,
806 3057 909 3143 bano
928 3070 1036 3142 terris
1062 3070 1212 3142 avertite
1233 3086 1387 3169 pestem.

385 3188 462 3261 Sed
484 3191 559 3287 jam
582 3192 763 3290 puniceos
789 3214 946 3290 surgens
971 3215 1106 3285 aurpra
1130 3207 1285 3290 penates
1405 3239 1407 3253 ·

288 3310 458 3384 Allatura
482 3310 581 3384 diem
605 3341 716 3416 roseo
741 3329 928 3388 reserarat
949 3311 1121 3411 Olympo.
1195 3296 1204 3315 ’

286 3432 445 3504 Nazarei
469 3456 557 3504 vero
583 3409 670 3507 loca
692 3462 761 3537 per
780 3434 961 3508 silvestria
978 3432 1119 3505 circum
1425 3445 1472 3517 60

284 3553 546 3652 Neqaioquam
571 3555 746 3645 exierant,
772 3573 886 3655 atqua
913 3578 999 3627 arva
1024 3567 1134 3649 atque
1160 3549 1299 3651 oppida
1323 3551 1398 3626 late

283 3671 459 3771 Undique
480 3672 690 3782 lustrarent,
720 3676 939 3765 Carmelum,
964 3670 1121 3770 Galgala
1146 3688 1183 3743 et
1208 3697 1356 3745 omnem
1416 3664 1418 3673 ¹

286 3792 461 3867 Jordauis
484 3794 629 3875 vallem.
679 3798 819 3870 Verum
842 3820 929 3897 spes
954 3794 1057 3866 irrita
1080 3816 1224 3867 rursum

283 3918 706 3966 ,.-.-.-ι.......

284 4036 323 4087 V.
343 4038 386 4090 88.
421 4038 494 4089 Edit·
511 4038 610 4093 venat.
628 4054 677 4105 pro
695 4041 816 4094 miseri
832 4041 852 4092 1.
870 4040 950 4093 souti.

285 4128 325 4178 V.
343 4131 388 4181 ts.
424 4130 514 4181 Editio
531 4133 654 4186 Veneta:

496 4221 655 4291 adjungens
673 4227 764 4277 tabem
779 4224 837 4277 late
855 4228 885 4276 at
901 4225 1030 4291 contagto
1047 4226 1157 4289 sparsit.

286 4311 327 4363 V.
343 4315 387 4365 tt.
422 4311 583 4379 Erinnys.
601 4318 650 4383 ΠΙ,
668 4320 730 4370 463.

285 4402 387 4455 VM.
424 4403 735 4477 Carmelus.l,484.

466 4497 613 4563 Gilgala
630 4501 765 4570 (auget,
784 4501 894 4567 Gllgal)
912 4503 978 4552 urbs
996 4500 1167 4553 Palaestinae
1183 4508 1269 4565 prope
1284 4500 1431 4552 Jaruamn
1449 4502 1479 4551 et

426 4588 548 4640 teneto.
585 4591 644 4643 Jus.
662 4594 690 4660 4,
709 4594 753 4647 ta.
788 4594 900 4657 Josepu.
919 4594 1029 4659 antiqq.
1048 4600 1075 4663 t,
1094 4596 1119 4648 1.
1137 4596 1164 4647 l.

288 4674 387 4733 V-ot.
423 4680 566 4734 Jordan.
584 4682 620 4751 11,
638 4686 700 4736 tal.
