<?xml version="1.0" encoding="UTF-8"?>
<!DOCTYPE html PUBLIC "-//W3C//DTD XHTML 1.0 Transitional//EN"
    "http://www.w3.org/TR/xhtml1/DTD/xhtml1-transitional.dtd">
<html xmlns="http://www.w3.org/1999/xhtml" xml:lang="en" lang="en">
 <head>
  <title>
</title>
<meta http-equiv="Content-Type" content="text/html;charset=utf-8" />
  <meta name='ocr-system' content='tesseract 3.04.00' />
  <meta name='ocr-capabilities' content='ocr_page ocr_carea ocr_par ocr_line ocrx_word'/>
</head>
<body>
  <div class='ocr_page' id='page_1' title='image "./jesuspuer00cevagoog_0154.png"; bbox 0 0 3634 5667; ppageno 0'>
   <div class='ocr_carea' id='block_1_1' title="bbox 330 496 1153 580">
    <p class='ocr_par' dir='ltr' id='par_1_1' title="bbox 330 496 1153 580">
     <span class='ocr_line' id='line_1_1' title="bbox 330 496 1153 580; baseline -0.01 -1"><span class='ocrx_word' id='word_1_1' title='bbox 330 510 404 580; x_wconf 73' lang='lat'><strong>122</strong></span> <span class='ocrx_word' id='word_1_2' title='bbox 786 496 1030 569; x_wconf 79' lang='lat' dir='ltr'>LIBER</span> <span class='ocrx_word' id='word_1_3' title='bbox 1071 499 1153 575; x_wconf 88' lang='lat' dir='ltr'><strong>Vll.</strong></span> 
     </span>
    </p>
   </div>
   <div class='ocr_carea' id='block_1_2' title="bbox 282 690 1530 3816">
    <p class='ocr_par' dir='ltr' id='par_1_2' title="bbox 328 690 1527 1037">
     <span class='ocr_line' id='line_1_2' title="bbox 328 690 1527 796; baseline 0.003 -27"><span class='ocrx_word' id='word_1_4' title='bbox 328 693 469 769; x_wconf 82' lang='lat' dir='ltr'><strong>Nescio</strong></span> <span class='ocrx_word' id='word_1_5' title='bbox 493 690 585 795; x_wconf 86' lang='lat' dir='ltr'><strong>quid</strong></span> <span class='ocrx_word' id='word_1_6' title='bbox 607 690 805 793; x_wconf 85' lang='lat' dir='ltr'><strong>plusquam</strong></span> <span class='ocrx_word' id='word_1_7' title='bbox 827 690 1009 789; x_wconf 86' lang='lat' dir='ltr'><strong>mortale3</strong></span> <span class='ocrx_word' id='word_1_8' title='bbox 1036 693 1223 796; x_wconf 82' lang='lat' dir='ltr'><strong>animique</strong></span> <span class='ocrx_word' id='word_1_9' title='bbox 1247 694 1387 773; x_wconf 88' lang='lat' dir='ltr'><strong>tuendo</strong></span> <span class='ocrx_word' id='word_1_10' title='bbox 1477 715 1527 783; x_wconf 85' lang='lat'><strong>15</strong></span> 
     </span>
     <span class='ocr_line' id='line_1_3' title="bbox 331 813 1349 917; baseline 0.007 -31"><span class='ocrx_word' id='word_1_11' title='bbox 331 814 484 917; x_wconf 82' lang='lat' dir='ltr'><strong>Expleri</strong></span> <span class='ocrx_word' id='word_1_12' title='bbox 508 814 656 889; x_wconf 85' lang='lat' dir='ltr'><strong>attoniti</strong></span> <span class='ocrx_word' id='word_1_13' title='bbox 681 828 883 914; x_wconf 92' lang='lat' dir='ltr'><strong>nequeunt.</strong></span> <span class='ocrx_word' id='word_1_14' title='bbox 935 813 1045 914; x_wconf 83' lang='lat' dir='ltr'><strong>Quod</strong></span> <span class='ocrx_word' id='word_1_15' title='bbox 1069 815 1170 892; x_wconf 90' lang='lat' dir='ltr'><strong>sidus</strong></span> <span class='ocrx_word' id='word_1_16' title='bbox 1193 817 1234 889; x_wconf 90' lang='lat' dir='ltr'><strong>in</strong></span> <span class='ocrx_word' id='word_1_17' title='bbox 1258 817 1349 893; x_wconf 90' lang='lat' dir='ltr'><strong>istas</strong></span> 
     </span>
     <span class='ocr_line' id='line_1_4' title="bbox 330 931 1363 1037; baseline 0.004 -29"><span class='ocrx_word' id='word_1_18' title='bbox 330 934 536 1037; x_wconf 88' lang='lat' dir='ltr'><strong>Delapsum</strong></span> <span class='ocrx_word' id='word_1_19' title='bbox 560 939 701 1013; x_wconf 83' lang='lat' dir='ltr'><strong>terras!</strong></span> <span class='ocrx_word' id='word_1_20' title='bbox 728 958 825 1034; x_wconf 91' lang='lat' dir='ltr'><strong>quae</strong></span> <span class='ocrx_word' id='word_1_21' title='bbox 847 931 909 1004; x_wconf 85' lang='lat' dir='ltr'><strong>lux</strong></span> <span class='ocrx_word' id='word_1_22' title='bbox 931 933 1059 1009; x_wconf 83' lang='lat' dir='ltr'><strong>oblata</strong></span> <span class='ocrx_word' id='word_1_23' title='bbox 1083 963 1152 1037; x_wconf 91' lang='lat' dir='ltr'><strong>per</strong></span> <span class='ocrx_word' id='word_1_24' title='bbox 1176 938 1363 1013; x_wconf 76' lang='lat' dir='ltr'><strong>umbram!</strong></span> 
     </span>
    </p>

    <p class='ocr_par' dir='ltr' id='par_1_3' title="bbox 330 1054 1360 1287">
     <span class='ocr_line' id='line_1_5' title="bbox 332 1054 1360 1161; baseline 0.006 -34"><span class='ocrx_word' id='word_1_25' title='bbox 332 1055 422 1156; x_wconf 83' lang='lat' dir='ltr'><strong>Quis</strong></span> <span class='ocrx_word' id='word_1_26' title='bbox 447 1057 548 1129; x_wconf 87' lang='lat' dir='ltr'><strong>Deus</strong></span> <span class='ocrx_word' id='word_1_27' title='bbox 572 1055 631 1129; x_wconf 88' lang='lat' dir='ltr'><strong>bis</strong></span> <span class='ocrx_word' id='word_1_28' title='bbox 656 1054 794 1128; x_wconf 89' lang='lat' dir='ltr'><strong>nostris</strong></span> <span class='ocrx_word' id='word_1_29' title='bbox 820 1055 1001 1129; x_wconf 89' lang='lat' dir='ltr'><strong>successit</strong></span> <span class='ocrx_word' id='word_1_30' title='bbox 1025 1056 1176 1131; x_wconf 88' lang='lat' dir='ltr'><strong>sedibus</strong></span> <span class='ocrx_word' id='word_1_31' title='bbox 1200 1059 1360 1161; x_wconf 84' lang='lat' dir='ltr'>hospes!</span> 
     </span>
     <span class='ocr_line' id='line_1_6' title="bbox 330 1173 1248 1287; baseline 0.004 -38"><span class='ocrx_word' id='word_1_32' title='bbox 330 1176 519 1268; x_wconf 88' lang='lat' dir='ltr'><strong>OPater,</strong></span> <span class='ocrx_word' id='word_1_33' title='bbox 546 1202 595 1250; x_wconf 90' lang='lat' dir='ltr'><strong>au</strong></span> <span class='ocrx_word' id='word_1_34' title='bbox 620 1173 731 1250; x_wconf 89' lang='lat' dir='ltr'><strong>seclis</strong></span> <span class='ocrx_word' id='word_1_35' title='bbox 756 1173 820 1247; x_wconf 91' lang='lat' dir='ltr'><strong>ille</strong></span> <span class='ocrx_word' id='word_1_36' title='bbox 847 1192 1061 1274; x_wconf 83' lang='lat' dir='ltr'><strong>expectatus</strong></span> <span class='ocrx_word' id='word_1_37' title='bbox 1087 1174 1248 1287; x_wconf 65' lang='lat' dir='ltr'><strong>Olympo</strong></span> 
     </span>
    </p>

    <p class='ocr_par' dir='ltr' id='par_1_4' title="bbox 326 1294 1530 1517">
     <span class='ocr_line' id='line_1_7' title="bbox 327 1294 1530 1399; baseline 0.003 -30"><span class='ocrx_word' id='word_1_38' title='bbox 327 1297 537 1387; x_wconf 89' lang='lat' dir='ltr'><strong>Venturus,</strong></span> <span class='ocrx_word' id='word_1_39' title='bbox 562 1296 628 1395; x_wconf 91' lang='lat' dir='ltr'><strong>qui</strong></span> <span class='ocrx_word' id='word_1_40' title='bbox 651 1294 750 1371; x_wconf 90' lang='lat' dir='ltr'><strong>colla</strong></span> <span class='ocrx_word' id='word_1_41' title='bbox 773 1295 862 1395; x_wconf 87' lang='lat' dir='ltr'><strong>jugo</strong></span> <span class='ocrx_word' id='word_1_42' title='bbox 889 1295 992 1369; x_wconf 82' lang='lat' dir='ltr'><strong>fessa</strong></span> <span class='ocrx_word' id='word_1_43' title='bbox 1016 1298 1150 1372; x_wconf 85' lang='lat' dir='ltr'><strong>eximat</strong></span> <span class='ocrx_word' id='word_1_44' title='bbox 1174 1300 1297 1399; x_wconf 87' lang='lat' dir='ltr'><strong>aegris</strong></span> <span class='ocrx_word' id='word_1_45' title='bbox 1480 1312 1530 1379; x_wconf 76' lang='lat'><strong>20</strong></span> 
     </span>
     <span class='ocr_line' id='line_1_8' title="bbox 326 1415 1303 1517; baseline 0 -24"><span class='ocrx_word' id='word_1_46' title='bbox 326 1415 511 1493; x_wconf 80' lang='lat' dir='ltr'><strong>Isacidis‘?</strong></span> <span class='ocrx_word' id='word_1_47' title='bbox 537 1417 641 1517; x_wconf 84' lang='lat' dir='ltr'><strong>Quae</strong></span> <span class='ocrx_word' id='word_1_48' title='bbox 667 1444 737 1491; x_wconf 91' lang='lat' dir='ltr'><strong>nos</strong></span> <span class='ocrx_word' id='word_1_49' title='bbox 761 1434 904 1490; x_wconf 88' lang='lat' dir='ltr'><strong>terrent</strong></span> <span class='ocrx_word' id='word_1_50' title='bbox 929 1417 1143 1492; x_wconf 79' lang='lat' dir='ltr'><strong>insomnia?</strong></span> <span class='ocrx_word' id='word_1_51' title='bbox 1170 1420 1303 1516; x_wconf 84' lang='lat' dir='ltr'><strong>quidve</strong></span> 
     </span>
    </p>

    <p class='ocr_par' dir='ltr' id='par_1_5' title="bbox 328 1534 1362 1763">
     <span class='ocr_line' id='line_1_9' title="bbox 330 1534 1362 1640; baseline 0 -26"><span class='ocrx_word' id='word_1_52' title='bbox 330 1539 467 1614; x_wconf 88' lang='lat' dir='ltr'><strong>Omina</strong></span> <span class='ocrx_word' id='word_1_53' title='bbox 490 1554 594 1611; x_wconf 92' lang='lat' dir='ltr'><strong>tanta</strong></span> <span class='ocrx_word' id='word_1_54' title='bbox 618 1536 780 1640; x_wconf 77' lang='lat' dir='ltr'><strong>parant?</strong></span> <span class='ocrx_word' id='word_1_55' title='bbox 805 1534 920 1611; x_wconf 79' lang='lat' dir='ltr'><strong>Tales</strong></span> <span class='ocrx_word' id='word_1_56' title='bbox 946 1537 1037 1612; x_wconf 90' lang='lat' dir='ltr'><strong>dant</strong></span> <span class='ocrx_word' id='word_1_57' title='bbox 1060 1557 1214 1640; x_wconf 87' lang='lat' dir='ltr'><strong>pectore</strong></span> <span class='ocrx_word' id='word_1_58' title='bbox 1238 1566 1362 1631; x_wconf 80' lang='lat' dir='ltr'><strong>voees,</strong></span> 
     </span>
     <span class='ocr_line' id='line_1_10' title="bbox 328 1658 1221 1763; baseline 0.002 -30"><span class='ocrx_word' id='word_1_59' title='bbox 328 1658 569 1759; x_wconf 89' lang='lat' dir='ltr'><strong>Perculsique</strong></span> <span class='ocrx_word' id='word_1_60' title='bbox 595 1676 758 1761; x_wconf 87' lang='lat' dir='ltr'><strong>stupent.</strong></span> <span class='ocrx_word' id='word_1_61' title='bbox 807 1661 918 1732; x_wconf 90' lang='lat' dir='ltr'><strong>Pueri</strong></span> <span class='ocrx_word' id='word_1_62' title='bbox 943 1662 1114 1735; x_wconf 89' lang='lat' dir='ltr'><strong>nutritius</strong></span> <span class='ocrx_word' id='word_1_63' title='bbox 1139 1662 1221 1763; x_wconf 91' lang='lat' dir='ltr'><strong>ipse</strong></span> 
     </span>
    </p>

    <p class='ocr_par' dir='ltr' id='par_1_6' title="bbox 328 1779 1076 1882">
     <span class='ocr_line' id='line_1_11' title="bbox 328 1779 1076 1882; baseline 0.003 -29"><span class='ocrx_word' id='word_1_64' title='bbox 328 1779 483 1854; x_wconf 85' lang='lat' dir='ltr'><strong>Deliciis</strong></span> <span class='ocrx_word' id='word_1_65' title='bbox 507 1780 629 1882; x_wconf 88' lang='lat' dir='ltr'><strong>impar</strong></span> <span class='ocrx_word' id='word_1_66' title='bbox 652 1780 712 1855; x_wconf 78' lang='lat' dir='ltr'><strong>rix&#39;</strong></span> <span class='ocrx_word' id='word_1_67' title='bbox 735 1781 923 1855; x_wconf 90' lang='lat' dir='ltr'><strong>custodita</strong></span> <span class='ocrx_word' id='word_1_68' title='bbox 946 1800 1076 1857; x_wconf 87' lang='lat' dir='ltr'><strong>tenere</strong></span> 
     </span>
    </p>

    <p class='ocr_par' dir='ltr' id='par_1_7' title="bbox 326 1898 1527 2126">
     <span class='ocr_line' id='line_1_12' title="bbox 328 1898 1527 2004; baseline 0.002 -29"><span class='ocrx_word' id='word_1_69' title='bbox 328 1899 463 1976; x_wconf 85' lang='lat' dir='ltr'><strong>Clausa</strong></span> <span class='ocrx_word' id='word_1_70' title='bbox 487 1900 571 1975; x_wconf 91' lang='lat' dir='ltr'><strong>sinu</strong></span> <span class='ocrx_word' id='word_1_71' title='bbox 595 1900 776 2001; x_wconf 89' lang='lat' dir='ltr'><strong>ingenuus</strong></span> <span class='ocrx_word' id='word_1_72' title='bbox 802 1920 953 2004; x_wconf 91' lang='lat' dir='ltr'><strong>poterat</strong></span> <span class='ocrx_word' id='word_1_73' title='bbox 978 1930 1045 1979; x_wconf 90' lang='lat' dir='ltr'><strong>sua</strong></span> <span class='ocrx_word' id='word_1_74' title='bbox 1070 1900 1205 2002; x_wconf 85' lang='lat' dir='ltr'><strong>gaudia</strong></span> <span class='ocrx_word' id='word_1_75' title='bbox 1228 1898 1381 2000; x_wconf 80' lang='lat' dir='ltr'><strong>loseph.</strong></span> <span class='ocrx_word' id='word_1_76' title='bbox 1479 1907 1527 1977; x_wconf 81' lang='lat'><strong>25</strong></span> 
     </span>
     <span class='ocr_line' id='line_1_13' title="bbox 326 2012 1271 2126; baseline -0.003 -30"><span class='ocrx_word' id='word_1_77' title='bbox 326 2023 452 2123; x_wconf 85' lang='lat' dir='ltr'><strong>Atque</strong></span> <span class='ocrx_word' id='word_1_78' title='bbox 476 2021 581 2095; x_wconf 89' lang='lat' dir='ltr'><strong>illum</strong></span> <span class='ocrx_word' id='word_1_79' title='bbox 606 2012 716 2094; x_wconf 81' lang='lat' dir='ltr'><strong>curas</strong></span> <span class='ocrx_word' id='word_1_80' title='bbox 740 2022 840 2097; x_wconf 89' lang='lat' dir='ltr'><strong>inter</strong></span> <span class='ocrx_word' id='word_1_81' title='bbox 865 2026 1092 2126; x_wconf 86' lang='lat' dir='ltr'><strong>quandoque</strong></span> <span class='ocrx_word' id='word_1_82' title='bbox 1117 2020 1271 2095; x_wconf 83' lang='lat' dir='ltr'><strong>fabriles</strong></span> 
     </span>
    </p>

    <p class='ocr_par' dir='ltr' id='par_1_8' title="bbox 327 2140 1346 2366">
     <span class='ocr_line' id='line_1_14' title="bbox 327 2140 1346 2245; baseline -0.004 -28"><span class='ocrx_word' id='word_1_83' title='bbox 327 2143 517 2244; x_wconf 79' lang='lat' dir='ltr'><strong>Aequaeri</strong></span> <span class='ocrx_word' id='word_1_84' title='bbox 534 2144 718 2243; x_wconf 88' lang='lat' dir='ltr'><strong>urgebant</strong></span> <span class='ocrx_word' id='word_1_85' title='bbox 742 2161 889 2244; x_wconf 87' lang='lat' dir='ltr'><strong>patres,</strong></span> <span class='ocrx_word' id='word_1_86' title='bbox 915 2146 1100 2245; x_wconf 83' lang='lat' dir='ltr'><strong>variisque</strong></span> <span class='ocrx_word' id='word_1_87' title='bbox 1125 2140 1346 2244; x_wconf 84' lang='lat' dir='ltr'><strong>premebant</strong></span> 
     </span>
     <span class='ocr_line' id='line_1_15' title="bbox 327 2264 1274 2366; baseline -0.007 -26"><span class='ocrx_word' id='word_1_88' title='bbox 327 2266 540 2366; x_wconf 84' lang='lat' dir='ltr'><strong>Ancipitem</strong></span> <span class='ocrx_word' id='word_1_89' title='bbox 558 2264 689 2339; x_wconf 76' lang='lat' dir='ltr'><strong>dictis:</strong></span> <span class='ocrx_word' id='word_1_90' title='bbox 715 2282 842 2366; x_wconf 85' lang='lat' dir='ltr'><strong>partes</strong></span> <span class='ocrx_word' id='word_1_91' title='bbox 867 2292 909 2341; x_wconf 86' lang='lat' dir='ltr'><strong>se</strong></span> <span class='ocrx_word' id='word_1_92' title='bbox 934 2282 1058 2343; x_wconf 79' lang='lat' dir='ltr'><strong>versat</strong></span> <span class='ocrx_word' id='word_1_93' title='bbox 1080 2264 1120 2335; x_wconf 90' lang='lat' dir='ltr'><strong>in</strong></span> <span class='ocrx_word' id='word_1_94' title='bbox 1145 2286 1274 2334; x_wconf 88' lang='lat' dir='ltr'><strong>omnes</strong></span> 
     </span>
    </p>

    <p class='ocr_par' dir='ltr' id='par_1_9' title="bbox 326 2383 1198 2487">
     <span class='ocr_line' id='line_1_16' title="bbox 326 2383 1198 2487; baseline -0.007 -27"><span class='ocrx_word' id='word_1_95' title='bbox 326 2387 476 2461; x_wconf 87' lang='lat' dir='ltr'><strong>Jcsseus</strong></span> <span class='ocrx_word' id='word_1_96' title='bbox 500 2384 647 2478; x_wconf 87' lang='lat' dir='ltr'><strong>senior,</strong></span> <span class='ocrx_word' id='word_1_97' title='bbox 675 2385 863 2487; x_wconf 81' lang='lat' dir='ltr'><strong>longeque</strong></span> <span class='ocrx_word' id='word_1_98' title='bbox 888 2387 1040 2461; x_wconf 87' lang='lat' dir='ltr'><strong>exordia</strong></span> <span class='ocrx_word' id='word_1_99' title='bbox 1067 2383 1176 2456; x_wconf 90' lang='lat' dir='ltr'><strong>sumit</strong></span> <span class='ocrx_word' id='word_1_100' title='bbox 1184 2408 1198 2476; x_wconf 81' lang='lat'>3</span> 
     </span>
    </p>

    <p class='ocr_par' dir='ltr' id='par_1_10' title="bbox 282 2482 1528 2729">
     <span class='ocr_line' id='line_1_17' title="bbox 330 2482 1528 2609; baseline -0.002 -31"><span class='ocrx_word' id='word_1_101' title='bbox 330 2507 485 2607; x_wconf 83' lang='lat' dir='ltr'><strong>Quaque</strong></span> <span class='ocrx_word' id='word_1_102' title='bbox 509 2504 621 2595; x_wconf 85' lang='lat' dir='ltr'><strong>licet,</strong></span> <span class='ocrx_word' id='word_1_103' title='bbox 644 2507 754 2581; x_wconf 77' lang='lat' dir='ltr'><strong>variis</strong></span> <span class='ocrx_word' id='word_1_104' title='bbox 779 2533 962 2609; x_wconf 90' lang='lat' dir='ltr'><strong>responsa</strong></span> <span class='ocrx_word' id='word_1_105' title='bbox 987 2502 1205 2603; x_wconf 87' lang='lat' dir='ltr'><strong>ambagibus</strong></span> <span class='ocrx_word' id='word_1_106' title='bbox 1231 2498 1304 2571; x_wconf 83' lang='lat' dir='ltr'><strong>exit</strong></span> <span class='ocrx_word' id='word_1_107' title='bbox 1342 2482 1346 2490; x_wconf 38' lang='lat'><strong><em>¹</em></strong></span> <span class='ocrx_word' id='word_1_108' title='bbox 1479 2510 1528 2576; x_wconf 79' lang='lat'><strong>50</strong></span> 
     </span>
     <span class='ocr_line' id='line_1_18' title="bbox 282 2620 1378 2729; baseline -0.002 -30"><span class='ocrx_word' id='word_1_109' title='bbox 282 2674 284 2678; x_wconf 81' lang='lat'><strong>.</strong></span> <span class='ocrx_word' id='word_1_110' title='bbox 329 2626 485 2701; x_wconf 88' lang='lat' dir='ltr'><strong>Secreta</strong></span> <span class='ocrx_word' id='word_1_111' title='bbox 508 2626 719 2718; x_wconf 71' lang='lat' dir='ltr'><strong>involvens,</strong></span> <span class='ocrx_word' id='word_1_112' title='bbox 747 2654 843 2729; x_wconf 87' lang='lat' dir='ltr'><strong>quae</strong></span> <span class='ocrx_word' id='word_1_113' title='bbox 867 2654 945 2701; x_wconf 91' lang='lat' dir='ltr'><strong>non</strong></span> <span class='ocrx_word' id='word_1_114' title='bbox 968 2626 1057 2700; x_wconf 91' lang='lat' dir='ltr'><strong>licet</strong></span> <span class='ocrx_word' id='word_1_115' title='bbox 1080 2625 1135 2697; x_wconf 89' lang='lat' dir='ltr'><strong>ire</strong></span> <span class='ocrx_word' id='word_1_116' title='bbox 1161 2620 1229 2693; x_wconf 86' lang='lat' dir='ltr'><strong>sub</strong></span> <span class='ocrx_word' id='word_1_117' title='bbox 1255 2640 1378 2697; x_wconf 79' lang='lat' dir='ltr'><strong>auras.</strong></span> 
     </span>
    </p>

    <p class='ocr_par' dir='ltr' id='par_1_11' title="bbox 326 2739 1528 3547">
     <span class='ocr_line' id='line_1_19' title="bbox 427 2739 1379 2849; baseline -0.009 -28"><span class='ocrx_word' id='word_1_118' title='bbox 427 2748 477 2821; x_wconf 77' lang='lat' dir='ltr'><strong>At</strong></span> <span class='ocrx_word' id='word_1_119' title='bbox 501 2765 660 2820; x_wconf 85' lang='lat' dir='ltr'><strong>matrum</strong></span> <span class='ocrx_word' id='word_1_120' title='bbox 682 2746 794 2849; x_wconf 89' lang='lat' dir='ltr'><strong>louge</strong></span> <span class='ocrx_word' id='word_1_121' title='bbox 819 2748 888 2823; x_wconf 89' lang='lat' dir='ltr'><strong>tibi</strong></span> <span class='ocrx_word' id='word_1_122' title='bbox 912 2748 1014 2821; x_wconf 90' lang='lat' dir='ltr'><strong>lucta</strong></span> <span class='ocrx_word' id='word_1_123' title='bbox 1037 2744 1254 2833; x_wconf 89' lang='lat' dir='ltr'><strong>molestior,</strong></span> <span class='ocrx_word' id='word_1_124' title='bbox 1281 2739 1379 2814; x_wconf 88' lang='lat' dir='ltr'><strong>ulma</strong></span> 
     </span>
     <span class='ocr_line' id='line_1_20' title="bbox 326 2860 1362 2970; baseline -0.009 -28"><span class='ocrx_word' id='word_1_125' title='bbox 326 2868 523 2959; x_wconf 82' lang='lat' dir='ltr'><strong>Partheni,</strong></span> <span class='ocrx_word' id='word_1_126' title='bbox 548 2868 796 2965; x_wconf 81' lang='lat' dir='ltr'><strong>Nauaridum3</strong></span> <span class='ocrx_word' id='word_1_127' title='bbox 824 2870 958 2970; x_wconf 90' lang='lat' dir='ltr'><strong>quibus</strong></span> <span class='ocrx_word' id='word_1_128' title='bbox 983 2868 1195 2970; x_wconf 86' lang='lat' dir='ltr'><strong>importuna</strong></span> <span class='ocrx_word' id='word_1_129' title='bbox 1219 2860 1362 2937; x_wconf 86' lang='lat' dir='ltr'><strong>sciendi</strong></span> 
     </span>
     <span class='ocr_line' id='line_1_21' title="bbox 326 2973 1403 3089; baseline -0.011 -26"><span class='ocrx_word' id='word_1_130' title='bbox 326 2989 484 3064; x_wconf 80' lang='lat' dir='ltr'><strong>Fervida</strong></span> <span class='ocrx_word' id='word_1_131' title='bbox 509 3015 598 3062; x_wconf 89' lang='lat' dir='ltr'><strong>cura</strong></span> <span class='ocrx_word' id='word_1_132' title='bbox 623 2989 752 3080; x_wconf 85' lang='lat' dir='ltr'><strong>nimis,</strong></span> <span class='ocrx_word' id='word_1_133' title='bbox 786 2994 1004 3089; x_wconf 89' lang='lat' dir='ltr'><strong>suetumque</strong></span> <span class='ocrx_word' id='word_1_134' title='bbox 1030 2973 1403 3088; x_wconf 60' lang='lat' dir='ltr'><strong>impervia&#39;quaeque</strong></span> 
     </span>
     <span class='ocr_line' id='line_1_22' title="bbox 327 3103 1528 3209; baseline 0 -28"><span class='ocrx_word' id='word_1_135' title='bbox 327 3109 470 3182; x_wconf 87' lang='lat' dir='ltr'><strong>Rimari</strong></span> <span class='ocrx_word' id='word_1_136' title='bbox 494 3109 694 3209; x_wconf 84' lang='lat' dir='ltr'><strong>ingenium.</strong></span> <span class='ocrx_word' id='word_1_137' title='bbox 746 3108 985 3182; x_wconf 90' lang='lat' dir='ltr'><strong>Contermina</strong></span> <span class='ocrx_word' id='word_1_138' title='bbox 1009 3110 1126 3207; x_wconf 90' lang='lat' dir='ltr'><strong>Virgo</strong></span> <span class='ocrx_word' id='word_1_139' title='bbox 1151 3103 1318 3207; x_wconf 87' lang='lat' dir='ltr'><strong>paternis</strong></span> <span class='ocrx_word' id='word_1_140' title='bbox 1480 3115 1528 3183; x_wconf 75' lang='lat'><strong>55</strong></span> 
     </span>
     <span class='ocr_line' id='line_1_23' title="bbox 327 3220 1446 3328; baseline -0.01 -25"><span class='ocrx_word' id='word_1_141' title='bbox 327 3230 529 3304; x_wconf 88' lang='lat' dir='ltr'><strong>Debborae</strong></span> <span class='ocrx_word' id='word_1_142' title='bbox 556 3246 637 3301; x_wconf 90' lang='lat' dir='ltr'><strong>erat</strong></span> <span class='ocrx_word' id='word_1_143' title='bbox 660 3229 791 3324; x_wconf 83' lang='lat' dir='ltr'><strong>tectis,</strong></span> <span class='ocrx_word' id='word_1_144' title='bbox 820 3255 916 3327; x_wconf 90' lang='lat' dir='ltr'><strong>quae</strong></span> <span class='ocrx_word' id='word_1_145' title='bbox 942 3253 1055 3328; x_wconf 90' lang='lat' dir='ltr'><strong>saepe</strong></span> <span class='ocrx_word' id='word_1_146' title='bbox 1082 3224 1287 3299; x_wconf 89' lang='lat' dir='ltr'><strong>domestica</strong></span> <span class='ocrx_word' id='word_1_147' title='bbox 1313 3220 1446 3296; x_wconf 89' lang='lat' dir='ltr'><strong>eodem</strong></span> 
     </span>
     <span class='ocr_line' id='line_1_24' title="bbox 330 3347 1229 3451; baseline -0.011 -27"><span class='ocrx_word' id='word_1_148' title='bbox 330 3351 407 3424; x_wconf 88' lang='lat' dir='ltr'><strong>Sub</strong></span> <span class='ocrx_word' id='word_1_149' title='bbox 432 3349 511 3423; x_wconf 87' lang='lat' dir='ltr'><strong>lare</strong></span> <span class='ocrx_word' id='word_1_150' title='bbox 538 3350 745 3451; x_wconf 89' lang='lat' dir='ltr'><strong>conjunctis</strong></span> <span class='ocrx_word' id='word_1_151' title='bbox 770 3353 868 3424; x_wconf 88' lang='lat' dir='ltr'><strong>curis</strong></span> <span class='ocrx_word' id='word_1_152' title='bbox 885 3347 1127 3422; x_wconf 89' lang='lat' dir='ltr'><strong>muliebribus</strong></span> <span class='ocrx_word' id='word_1_153' title='bbox 1154 3371 1229 3416; x_wconf 90' lang='lat' dir='ltr'><strong>uua</strong></span> 
     </span>
     <span class='ocr_line' id='line_1_25' title="bbox 328 3458 1217 3547; baseline -0.012 0"><span class='ocrx_word' id='word_1_154' title='bbox 328 3477 430 3547; x_wconf 89' lang='lat' dir='ltr'><strong>Inter</strong></span> <span class='ocrx_word' id='word_1_155' title='bbox 455 3498 542 3547; x_wconf 89' lang='lat' dir='ltr'><strong>acus</strong></span> <span class='ocrx_word' id='word_1_156' title='bbox 568 3490 605 3543; x_wconf 89' lang='lat' dir='ltr'><strong>et</strong></span> <span class='ocrx_word' id='word_1_157' title='bbox 630 3458 692 3544; x_wconf 90' lang='lat' dir='ltr'><strong>fila</strong></span> <span class='ocrx_word' id='word_1_158' title='bbox 717 3470 816 3544; x_wconf 87' lang='lat' dir='ltr'><strong>diem</strong></span> <span class='ocrx_word' id='word_1_159' title='bbox 840 3472 1007 3546; x_wconf 88' lang='lat' dir='ltr'><strong>studiosa</strong></span> <span class='ocrx_word' id='word_1_160' title='bbox 1031 3465 1217 3545; x_wconf 86' lang='lat' dir='ltr'><strong>trahebat.</strong></span> 
     </span>
    </p>

    <p class='ocr_par' dir='ltr' id='par_1_12' title="bbox 327 3586 1529 3816">
     <span class='ocr_line' id='line_1_26' title="bbox 327 3586 1377 3677; baseline -0.015 -6"><span class='ocrx_word' id='word_1_161' title='bbox 327 3595 459 3672; x_wconf 81' lang='lat' dir='ltr'><strong>Altera</strong></span> <span class='ocrx_word' id='word_1_162' title='bbox 484 3593 727 3667; x_wconf 86' lang='lat' dir='ltr'><strong>arundineum</strong></span> <span class='ocrx_word' id='word_1_163' title='bbox 750 3619 838 3665; x_wconf 89' lang='lat' dir='ltr'><strong>nam</strong></span> <span class='ocrx_word' id='word_1_164' title='bbox 864 3593 1021 3667; x_wconf 89' lang='lat' dir='ltr'><strong>stamine</strong></span> <span class='ocrx_word' id='word_1_165' title='bbox 1046 3605 1170 3664; x_wconf 83' lang='lat' dir='ltr'><strong>versat</strong></span> <span class='ocrx_word' id='word_1_166' title='bbox 1195 3586 1377 3677; x_wconf 87' lang='lat' dir='ltr'><strong>alabrum,</strong></span> 
     </span>
     <span class='ocr_line' id='line_1_27' title="bbox 329 3706 1529 3816; baseline -0.005 -25"><span class='ocrx_word' id='word_1_167' title='bbox 329 3720 446 3816; x_wconf 87' lang='lat' dir='ltr'><strong>Inque</strong></span> <span class='ocrx_word' id='word_1_168' title='bbox 472 3715 616 3816; x_wconf 81' lang='lat' dir='ltr'><strong>glomos</strong></span> <span class='ocrx_word' id='word_1_169' title='bbox 640 3714 818 3787; x_wconf 84' lang='lat' dir='ltr'><strong>transfert</strong></span> <span class='ocrx_word' id='word_1_170' title='bbox 825 3742 839 3811; x_wconf 78' lang='lat'>3</span> <span class='ocrx_word' id='word_1_171' title='bbox 865 3714 1096 3787; x_wconf 78' lang='lat' dir='ltr'><strong>discriminat</strong></span> <span class='ocrx_word' id='word_1_172' title='bbox 1120 3710 1239 3783; x_wconf 86' lang='lat' dir='ltr'><strong>altera</strong></span> <span class='ocrx_word' id='word_1_173' title='bbox 1261 3706 1368 3799; x_wconf 80' lang='lat' dir='ltr'><strong>telae,</strong></span> <span class='ocrx_word' id='word_1_174' title='bbox 1479 3717 1529 3791; x_wconf 70' lang='grc' dir='ltr'><strong>ΔΟ</strong></span> 
     </span>
    </p>
   </div>
   <div class='ocr_carea' id='block_1_3' title="bbox 330 3968 1529 4127">
    <p class='ocr_par' dir='ltr' id='par_1_13' title="bbox 330 3968 1529 4127">
     <span class='ocr_line' id='line_1_28' title="bbox 330 3968 1116 4035; baseline -0.013 -7"><span class='ocrx_word' id='word_1_175' title='bbox 330 3973 366 4030; x_wconf 85' lang='lat' dir='ltr'><strong>V·</strong></span> <span class='ocrx_word' id='word_1_176' title='bbox 403 3974 447 4025; x_wconf 86' lang='lat' dir='ltr'><strong>1s.</strong></span> <span class='ocrx_word' id='word_1_177' title='bbox 465 3974 536 4024; x_wconf 82' lang='lat' dir='ltr'><strong>Edit.</strong></span> <span class='ocrx_word' id='word_1_178' title='bbox 554 3973 654 4023; x_wconf 85' lang='lat' dir='ltr'><strong>venet.</strong></span> <span class='ocrx_word' id='word_1_179' title='bbox 672 3984 722 4035; x_wconf 79' lang='lat' dir='ltr'><strong>pro</strong></span> <span class='ocrx_word' id='word_1_180' title='bbox 742 3969 893 4033; x_wconf 84' lang='lat' dir='ltr'><strong>olympo</strong></span> <span class='ocrx_word' id='word_1_181' title='bbox 910 3968 979 4035; x_wconf 81' lang='lat' dir='ltr'><strong>legit</strong></span> <span class='ocrx_word' id='word_1_182' title='bbox 997 3970 1031 4020; x_wconf 88' lang='lat' dir='ltr'><strong>ab</strong></span> <span class='ocrx_word' id='word_1_183' title='bbox 1050 3969 1116 4020; x_wconf 85' lang='lat' dir='ltr'><strong>alto.</strong></span> 
     </span>
     <span class='ocr_line' id='line_1_29' title="bbox 330 4053 1529 4127; baseline -0.013 -10"><span class='ocrx_word' id='word_1_184' title='bbox 330 4065 367 4127; x_wconf 85' lang='lat' dir='ltr'><strong>V.</strong></span> <span class='ocrx_word' id='word_1_185' title='bbox 404 4066 448 4118; x_wconf 74' lang='lat'><strong>21.</strong></span> <span class='ocrx_word' id='word_1_186' title='bbox 467 4064 642 4116; x_wconf 84' lang='lat' dir='ltr'><strong>Isacidae</strong></span> <span class='ocrx_word' id='word_1_187' title='bbox 660 4063 680 4115; x_wconf 87' lang='grc'><strong>1.</strong></span> <span class='ocrx_word' id='word_1_188' title='bbox 697 4077 723 4114; x_wconf 88' lang='lat' dir='ltr'><strong>e.</strong></span> <span class='ocrx_word' id='word_1_189' title='bbox 740 4060 846 4126; x_wconf 81' lang='lat' dir='ltr'><strong>posteri</strong></span> <span class='ocrx_word' id='word_1_190' title='bbox 861 4061 941 4112; x_wconf 86' lang='lat' dir='ltr'><strong>Isaac</strong></span> <span class='ocrx_word' id='word_1_191' title='bbox 958 4060 1149 4127; x_wconf 83' lang='lat' dir='ltr'><strong>patriarchae,</strong></span> <span class='ocrx_word' id='word_1_192' title='bbox 1168 4057 1217 4111; x_wconf 86' lang='lat' dir='ltr'><strong>tilii</strong></span> <span class='ocrx_word' id='word_1_193' title='bbox 1234 4058 1381 4109; x_wconf 84' lang='lat' dir='ltr'><strong>Abraham.</strong></span> <span class='ocrx_word' id='word_1_194' title='bbox 1401 4054 1468 4104; x_wconf 77' lang='lat' dir='ltr'><strong>Gen.</strong></span> <span class='ocrx_word' id='word_1_195' title='bbox 1481 4053 1529 4119; x_wconf 75' lang='lat'><strong>21,</strong></span> 
     </span>
    </p>
   </div>
   <div class='ocr_carea' id='block_1_4' title="bbox 331 4159 1532 4694">
    <p class='ocr_par' dir='ltr' id='par_1_14' title="bbox 471 4159 579 4221">
     <span class='ocr_line' id='line_1_30' title="bbox 471 4159 579 4221; baseline -0.019 -13"><span class='ocrx_word' id='word_1_196' title='bbox 471 4159 579 4221; x_wconf 71' lang='lat' dir='ltr'><strong>tseqq.</strong></span> 
     </span>
    </p>

    <p class='ocr_par' dir='ltr' id='par_1_15' title="bbox 331 4236 1532 4493">
     <span class='ocr_line' id='line_1_31' title="bbox 331 4236 1532 4311; baseline -0.017 -8"><span class='ocrx_word' id='word_1_197' title='bbox 331 4246 368 4303; x_wconf 94' lang='lat' dir='ltr'><strong>V.</strong></span> <span class='ocrx_word' id='word_1_198' title='bbox 404 4250 448 4303; x_wconf 74' lang='lat' dir='ltr'><strong>tt.</strong></span> <span class='ocrx_word' id='word_1_199' title='bbox 468 4248 697 4300; x_wconf 79' lang='lat' dir='ltr'><strong>Curaslnter</strong></span> <span class='ocrx_word' id='word_1_200' title='bbox 723 4243 888 4297; x_wconf 80' lang='lat' dir='ltr'><strong>fabriles.</strong></span> <span class='ocrx_word' id='word_1_201' title='bbox 924 4243 1143 4311; x_wconf 79' lang='lat' dir='ltr'><strong>Josophum,</strong></span> <span class='ocrx_word' id='word_1_202' title='bbox 1173 4242 1220 4307; x_wconf 78' lang='lat' dir='ltr'><strong>qut</strong></span> <span class='ocrx_word' id='word_1_203' title='bbox 1249 4238 1386 4292; x_wconf 81' lang='lat' dir='ltr'><strong>Christum</strong></span> <span class='ocrx_word' id='word_1_204' title='bbox 1413 4236 1532 4287; x_wconf 82' lang='lat' dir='ltr'><strong>nutrivit</strong></span> 
     </span>
     <span class='ocr_line' id='line_1_32' title="bbox 471 4333 1531 4417; baseline -0.015 -16"><span class='ocrx_word' id='word_1_205' title='bbox 471 4348 501 4401; x_wconf 84' lang='lat' dir='ltr'><strong>et</strong></span> <span class='ocrx_word' id='word_1_206' title='bbox 518 4350 663 4417; x_wconf 81' lang='lat' dir='ltr'><strong>educavit,</strong></span> <span class='ocrx_word' id='word_1_207' title='bbox 689 4350 798 4401; x_wconf 79' lang='lat' dir='ltr'><strong>fabrum</strong></span> <span class='ocrx_word' id='word_1_208' title='bbox 815 4333 961 4416; x_wconf 71' lang='grc' dir='ltr'>(τέκτωα)</span> <span class='ocrx_word' id='word_1_209' title='bbox 979 4346 1082 4414; x_wconf 75' lang='lat' dir='ltr'><strong>fuisso,</strong></span> <span class='ocrx_word' id='word_1_210' title='bbox 1115 4358 1151 4397; x_wconf 84' lang='lat' dir='ltr'><strong>ox</strong></span> <span class='ocrx_word' id='word_1_211' title='bbox 1167 4346 1264 4395; x_wconf 80' lang='lat' dir='ltr'><strong>Mattb.</strong></span> <span class='ocrx_word' id='word_1_212' title='bbox 1284 4344 1329 4408; x_wconf 76' lang='lat'><strong>1³,</strong></span> <span class='ocrx_word' id='word_1_213' title='bbox 1348 4344 1393 4405; x_wconf 69' lang='lat'><strong>5³,</strong></span> <span class='ocrx_word' id='word_1_214' title='bbox 1410 4338 1531 4389; x_wconf 78' lang='lat' dir='ltr'><strong>munite-</strong></span> 
     </span>
     <span class='ocr_line' id='line_1_33' title="bbox 471 4446 613 4493; baseline -0.014 0"><span class='ocrx_word' id='word_1_215' title='bbox 471 4446 543 4493; x_wconf 85' lang='lat' dir='ltr'><strong>stum</strong></span> <span class='ocrx_word' id='word_1_216' title='bbox 559 4446 613 4493; x_wconf 87' lang='lat' dir='ltr'><strong>est.</strong></span> 
     </span>
    </p>

    <p class='ocr_par' dir='ltr' id='par_1_16' title="bbox 332 4530 1248 4599">
     <span class='ocr_line' id='line_1_34' title="bbox 332 4530 1248 4599; baseline -0.013 -10"><span class='ocrx_word' id='word_1_217' title='bbox 332 4538 368 4589; x_wconf 89' lang='lat' dir='ltr'><strong>V.</strong></span> <span class='ocrx_word' id='word_1_218' title='bbox 405 4539 450 4591; x_wconf 78' lang='lat'><strong>84.</strong></span> <span class='ocrx_word' id='word_1_219' title='bbox 468 4536 539 4588; x_wconf 79' lang='lat' dir='ltr'><strong>Eatt.</strong></span> <span class='ocrx_word' id='word_1_220' title='bbox 557 4534 657 4585; x_wconf 86' lang='lat' dir='ltr'><strong>Venet.</strong></span> <span class='ocrx_word' id='word_1_221' title='bbox 675 4545 725 4595; x_wconf 79' lang='lat' dir='ltr'><strong>pro</strong></span> <span class='ocrx_word' id='word_1_222' title='bbox 743 4538 958 4599; x_wconf 85' lang='lat' dir='ltr'><strong>suetamque</strong></span> <span class='ocrx_word' id='word_1_223' title='bbox 976 4534 1059 4583; x_wconf 81' lang='lat' dir='ltr'><strong>babet</strong></span> <span class='ocrx_word' id='word_1_224' title='bbox 1075 4530 1248 4593; x_wconf 78' lang='lat' dir='ltr'><strong>solitumque.</strong></span> 
     </span>
    </p>

    <p class='ocr_par' dir='ltr' id='par_1_17' title="bbox 333 4613 1530 4694">
     <span class='ocr_line' id='line_1_35' title="bbox 333 4613 1530 4694; baseline -0.018 -12"><span class='ocrx_word' id='word_1_225' title='bbox 333 4628 369 4682; x_wconf 88' lang='lat' dir='ltr'><strong>V.</strong></span> <span class='ocrx_word' id='word_1_226' title='bbox 406 4630 450 4682; x_wconf 77' lang='lat' dir='ltr'><strong>tt.</strong></span> <span class='ocrx_word' id='word_1_227' title='bbox 468 4628 633 4679; x_wconf 80' lang='lat' dir='ltr'><strong>alatrum</strong></span> <span class='ocrx_word' id='word_1_228' title='bbox 645 4624 1288 4694; x_wconf 66' lang='lat' dir='ltr'><strong>(alibmntinstrumeutumquonlavertrmtur.</strong></span> <span class='ocrx_word' id='word_1_229' title='bbox 1306 4617 1370 4669; x_wconf 84' lang='lat' dir='ltr'><strong>lsid.</strong></span> <span class='ocrx_word' id='word_1_230' title='bbox 1378 4616 1424 4667; x_wconf 87' lang='lat' dir='ltr'><strong>0r.</strong></span> <span class='ocrx_word' id='word_1_231' title='bbox 1435 4614 1478 4679; x_wconf 78' lang='lat'><strong>1⁹,</strong></span> <span class='ocrx_word' id='word_1_232' title='bbox 1486 4613 1530 4663; x_wconf 82' lang='lat' dir='ltr'><strong>ts.</strong></span> 
     </span>
    </p>
   </div>
   <div class='ocr_carea' id='block_1_5' title="bbox 0 0 1828 5667">
    <p class='ocr_par' dir='ltr' id='par_1_18' title="bbox 0 0 1828 5667">
     <span class='ocr_line' id='line_1_36' title="bbox 0 0 1828 5667; baseline 0 0"><span class='ocrx_word' id='word_1_233' title='bbox 0 0 1828 5667; x_wconf 95' lang='lat' dir='ltr'><strong> </strong></span> 
     </span>
    </p>
   </div>
  </div>
 </body>
</html>
