3634 5667
697 657 933 726 LIBER
982 653 1044 725 lv.

279 822 453 960 Canaque
477 869 669 958 pastorum
693 851 849 952 simplex
873 848 1031 944 audacia
1054 849 1216 951 possint!

277 985 378 1057 Nam
402 977 536 1052 meruit
559 975 648 1053 felix
674 973 795 1074 (quod
818 973 1142 1090 non'permiserat
1165 973 1232 1045 ulli
1404 965 1475 1063 180

281 1101 434 1176 Goelica
458 1097 559 1195 sors)
584 1121 697 1167 unum
721 1092 854 1184 labris,
880 1092 955 1166 duo
979 1092 1080 1164 ferre
1101 1093 1247 1166 tenellis

283 1217 425 1298 Oscula
448 1242 543 1319 pura
568 1217 683 1315 genis.
735 1218 831 1287 Tum
859 1213 1021 1289 candida
1045 1213 1258 1287 Parthenias
1283 1219 1300 1288 1
1323 1243 1436 1309 nunc,

283 1341 420 1440 Sisque
444 1362 587 1409 memor
609 1336 739 1413 nostri.
788 1335 923 1409 Procul
948 1335 1035 1406 hinc
1056 1351 1176 1407 scatet
1200 1335 1348 1438 exiguus
1373 1338 1480 1417 fonsa

283 1462 403 1560 Quam
427 1460 587 1559 primum
611 1459 795 1547 invenies,
818 1481 960 1558 pecora
985 1453 1072 1526 illuc
1099 1455 1244 1555 cogito:
1281 1477 1482 1562 postquam

284 1584 387 1679 Grer
411 1579 532 1651 omnis
556 1579 711 1669 biberit,
745 1577 860 1652 vitrea
884 1593 922 1648 te
947 1575 1094 1677 respice
1117 1577 1157 1648 in
1182 1575 1293 1653 unda.
1409 1598 1481 1668 185

283 1703 407 1798 Dixit,
433 1698 534 1773 etin
558 1699 711 1774 viridem
735 1699 871 1771 collem
894 1698 1048 1798 vestigia
1072 1699 1199 1771 torsit!

283 1827 329 1895 In
353 1821 509 1914 collem,
533 1819 632 1892 unde
658 1819 776 1892 amnis
800 1819 932 1918 longas
955 1843 1086 1891 nemus
1110 1819 1208 1892 inter
1233 1847 1393 1922 opaeum

287 1941 458 2017 Cernitur
482 1941 537 2012 ire
561 1940 664 2030 rias,
691 1957 729 2013 et
754 1966 914 2013 amoena
931 1963 1094 2042 serpere
1119 1939 1226 2014 valle.

386 2061 503 2133 Multa
525 2086 678 2134 movens
706 2061 839 2135 animis
863 2060 943 2134 ibat
967 2087 1118 2161 quoque
1142 2062 1281 2134 rustica
1303 2063 1419 2165 virgo,

285 2187 604 2284 Fragrantemque
628 2180 687 2254 via
710 2180 915 2256 redolentis
940 2181 1127 2282 lychnidis
1150 2208 1279 2257 auram
1415 2201 1487 2274 190
1542 2271 1544 2274 ¹

287 2303 458 2378 Attonita
482 2299 675 2378 hauribat:
699 2301 850 2400 qualem
872 2301 1027 2406 molaria
1051 2300 1165 2394 nulla,
1541 2379 1546 2402 2

287 2427 371 2499 Nec
394 2447 506 2532 rosa,
530 2445 603 2493 nec
626 2419 793 2494 saliunca
816 2445 969 2513 recens,
994 2447 1067 2494 nee
1093 2448 1286 2497 amaracus
1311 2426 1452 2505 halant.
1542 2403 1548 2477 ³.

288 2543 401 2618 Unde
425 2542 521 2616 odor
544 2543 606 2616 hic
630 2541 775 2616 mirus‘l
800 2565 897 2641 quae
923 2538 1006 2615 vis‘l
1032 2567 1131 2642 quae
1156 2543 1268 2644 copia
1291 2545 1454 2620 florum?

288 2663 400 2739 Unde
425 2687 561 2753 aurae
586 2664 696 2737 coelo
719 2663 914 2764 adspirans
941 2679 1019 2734 tam
1044 2663 1203 2738 suaviter
1228 2661 1312 2740 ori?

291 2785 466 2859 Constitit
482 2784 680 2884 explorans
704 2801 844 2876 vestes,
871 2799 909 2856 et
932 2781 1078 2884 singula
1100 2783 1241 2859 mirans
1417 2807 1489 2878 195

292 2908 370 2979 Ter
389 2904 650 3005 circumspexit
657 2933 670 2999 3
694 2905 832 3006 patulis
856 2921 916 2977 ter
939 2903 1091 2978 naribus
1118 2904 1247 2978 ambas

291 3025 540 3122 Admovitque
563 3050 715 3097 manusr
740 3023 810 3098 sed
835 3025 917 3124 quis
944 3023 1194 3126 deprenderet
1218 3031 1411 3129 unquam?
1470 3126 1474 3134 Ι
1504 3082 1508 3091 ,

297 3147 444 3246 Quippe
469 3142 586 3225 labris
612 3144 785 3246 fragrans
810 3145 873 3217 ille
899 3147 1073 3219 haeserat
1097 3144 1254 3242 halitus3
1283 3152 1368 3245 illis,
1433 3225 1441 3244 ,

294 3265 410 3366 Qneis
428 3264 501 3336 tria
524 3266 684 3338 Nazario
709 3291 830 3367 nuper
855 3265 959 3339 dedit
981 3265 1110 3340 oscula
1134 3267 1246 3342 Flori-
1331 3305 1335 3312 ·

388 3385 502 3460 Venit
510 3384 559 3456 ad
567 3385 779 3459 umbrosam
786 3386 989 3487 platanum,
1008 3388 1401 3492 quamsubteropacus
1420 3407 1492 3476 200

293 3509 464 3583 Alluerat
485 3504 603 3578 rirnss
628 3506 745 3578 rivum
770 3506 954 3580 obsedere
976 3505 1145 3607 capellae

295 3627 502 3717 Continuo,
526 3625 716 3723 saturique
740 3626 872 3704 haedis
898 3645 1030 3726 atque,
1056 3627 1122 3699 ubi
1146 3654 1240 3729 pura
1266 3633 1402 3730 quievit

295 3748 466 3850 Lympha
490 3746 584 3821 vitro
607 3744 757 3835 similis,
784 3773 896 3848 super
922 3764 1046 3822 astans
1070 3750 1218 3824 vertice-
1232 3776 1353 3851 prono

297 3869 349 3942 Se
374 3865 518 3967 liquido
539 3864 580 3936 in
604 3863 758 3965 speculo
781 3864 888 3940 vidit:
916 3866 1146 3969 deceptaque
1169 3870 1248 3943 visu

296 3987 448 4062 Restitit
473 3984 669 4087 extemplo.
718 3984 790 4059 Vir
814 3986 974 4086 primum
998 3987 1158 4063 credidit
1180 3987 1324 4065 undae:
1420 4011 1491 4081 205

296 4107 457 4182 Lumina
479 4107 538 4180 bis
562 4108 670 4182 vertit
693 4124 815 4197 retro,
835 4105 868 4178 si
892 4105 991 4179 forte
1015 4108 1141 4207 puella

297 4232 332 4304 A
355 4248 463 4330 tergo
487 4228 687 4329 peregrina
710 4227 832 4319 foret,
851 4251 949 4328 quae
973 4245 1144 4301 cerneret
1168 4255 1327 4329 amnem3

300 4420 335 4470 V.
353 4419 416 4472 179.
432 4418 483 4467 Ed.
499 4417 598 4469 venet.
614 4419 713 4469 habet:

464 4509 654 4573 Ingenuusque
666 4522 744 4561 amor
750 4543 761 4576 ,
779 4511 807 4558 et
820 4507 938 4570 simplex
952 4506 1069 4556 audacia
1081 4507 1198 4570 possint!

301 4600 336 4650 V.
351 4601 414 4652 19⁰.
424 4600 497 4650 Edit.
508 4599 608 4650 Venet.
627 4611 676 4661 pro
692 4599 882 4663 lychnitis
899 4599 919 4648 1.
938 4598 1080 4649 aromatis.

301 4692 337 4742 V.
355 4695 419 4745 194.
435 4693 486 4742 Ed.
503 4691 603 4741 Venet.
615 4691 726 4741 omittit.

302 4783 337 4835 V.
357 4787 421 4837 2⁰7.
435 4783 485 4835 Ed.
499 4782 599 4835 venet.
617 4782 703 4848 legite
717 4779 858 4833 insisteret
869 4781 944 4834 amni
956 4793 1007 4845 pro
1023 4783 1198 4831 cerneret
1217 4793 1355 4838 amnem.

1238 4869 1289 4951 5*
