3634 5667
619 554 651 623 L
675 552 693 621 1
716 551 747 621 B
771 551 802 621 E
827 552 862 618 R
910 547 1006 620 Vlll.
1416 554 1487 633 itt

290 756 381 826 Post
403 747 485 823 Beli
510 748 663 851 conjux,
686 745 906 847 Heleneque
931 738 1088 845 Argiva:
1113 741 1276 817 Selenen

291 875 402 946 Nunc
426 870 553 971 vulgus
577 886 696 944 vocat.
745 851 829 941 Heu
850 864 972 966 pudor
997 880 1107 963 atque
1132 862 1286 935 infamia
1309 867 1429 941 nostri

290 991 481 1066 Numinis!
497 982 613 1066 ,Hsnc
638 987 789 1063 tandem
813 986 929 1087 Tyrio
954 984 1000 1058 de
1021 984 1164 1057 fornice
1189 985 1339 1085 probris

293 1114 480 1216 Turpibus
507 1110 678 1185 affectam
703 1108 954 1188 subduximus.
1003 1110 1062 1181 En
1086 1109 1167 1185 Dea
1192 1105 1331 1206 qualis!
1413 1124 1485 1195 1⁵55

294 1239 398 1337 Quae
424 1235 541 1308 facies
568 1232 651 1305 olli!
677 1231 741 1330 qui
767 1230 938 1330 spiritns!
964 1227 1064 1300 Illius
1091 1251 1180 1326 ergo

292 1357 471 1431 Venimus
497 1380 541 1426 ex
566 1352 641 1425 alto
666 1353 705 1423 in
729 1369 869 1440 terras,
896 1373 1012 1449 genus
1038 1374 1147 1421 omne
1172 1349 1313 1457 reb-{lle
1530 1372 1538 1405 ⁸

295 1476 501 1551 Goelituum
527 1474 656 1563 ulturi,
683 1500 841 1572 quorum
867 1469 1056 1547 discordia
1079 1485 1182 1542 motu

296 1600 438 1673 Cuncta
461 1596 575 1696 agitat
599 1596 711 1670 vario.
760 1594 818 1665 Illi
843 1594 1019 1692 hyemes,
1047 1590 1128 1662 fera
1146 1589 1309 1691 praelia,
1335 1596 1488 1671 morbc't

292 1719 495 1791 Immittunt
519 1715 646 1809 terris)
673 1714 943 1815 quamprimum
966 1714 1061 1785 baec
1086 1712 1212 1784 omnia
1234 1712 1390 1791 flammis
1416 1732 1488 1801 160

293 1837 488 1926 Hausturi,
516 1835 602 1908 dum
628 1838 785 1935 quisque
810 1835 883 1908 sibi
905 1834 1162 1908 moderamina
1185 1860 1310 1907 rerum

294 1958 521 2045 Praesumit,
548 1956 767 2056 coelumque
792 1981 905 2028 manu
928 1955 968 2026 in
994 1957 1185 2027 contraria
1208 1964 1369 2057 raptant.

295 2083 373 2152 Hos
400 2077 507 2151 simul
530 2099 552 2148 e
577 2076 720 2176 superis
744 2078 858 2148 imum
882 2074 1074 2150 detrusero
1098 2077 1138 2149 in
1168 2078 1318 2170 Orcum,

295 2202 403 2271 Hanc
426 2197 576 2287 urbem,
600 2194 748 2296 ignotos
772 2198 880 2273 terris
908 2222 1006 2295 quae
1029 2198 1150 2298 prima
1171 2201 1326 2300 recepit,

297 2319 448 2420 Imperii
473 2316 600 2389 sedern
625 2332 803 2410 statuam,
831 2342 943 2416 quam
966 2316 1072 2389 Nilus
1099 2336 1136 2391 et
1159 2319 1271 2393 Indus
1419 2338 1489 2408 165

296 2444 539 2537 Aurorneque
561 2461 688 2508 amnes
714 2421 865 2509 extremi
890 2453 1002 2535 atque
1029 2439 1139 2513 Orbis
1167 2440 1335 2517 adorent.

295 2564 348 2634 At
370 2560 461 2638 mibi
487 2583 549 2631 vos
576 2557 775 2655 comitique
801 2560 923 2648 Deae,
950 2573 988 2629 et
1010 2585 1094 2631 mea
1117 2562 1219 2661 jussa
1245 2564 1400 2638 secutis

260 2772 263 2776 Ι
298 2679 496 2755 Coelicolis
523 2677 711 2777 quondam
737 2680 875 2778 geniis,
902 2706 996 2779 quos
1022 2707 1122 2756 nunc
1146 2700 1248 2759 tenet
1271 2684 1430 2759 horrens

298 2801 377 2874 Sub
402 2799 511 2872 terris
539 2823 687 2890 carcer,
712 2798 878 2872 fraterno
904 2801 1058 2873 erimine
1084 2801 1131 2875 ab
1158 2804 1242 2879 altis
1390 2810 1394 2821 “

298 2921 459 2995 Sedibus
485 2944 677 3009 excussos,
701 2920 843 3018 nigram
866 2921 1031 3020 jugulate
1056 2908 1270 3020 juvencam
1417 2934 1491 3013 ¹17'0'

297 3045 384 3117 Rite
410 3039 582 3113 adhibete
607 3066 758 3139 preces,
785 3043 978 3141 sacrisque
1003 3042 1181 3142 imponite
1206 3046 1377 3146 flammis,

297 3163 359 3237 Ad
382 3166 543 3234 Boream
565 3162 677 3251 versi,
704 3162 812 3234 sedes
837 3162 901 3234 ubi
926 3162 1030 3263 regia
1052 3182 1180 3237 nostra
1206 3187 1274 3245 est.

398 3281 461 3354 Sic
488 3280 550 3353 eit,
583 3286 631 3355 Et
656 3309 703 3355 ue
729 3281 819 3389 quiri
843 3281 949 3355 furiis
966 3286 1182 3387 scelerique
1208 3291 1355 3365 deesset

300 3399 554 3503 (Horrendum
580 3399 680 3475 dictu
706 3402 873 3493 facinus,
898 3405 1130 3502 miserabile,
1156 3411 1338 3511 foedum)

299 3520 479 3595 Matribus
505 3534 615 3618 atque
642 3523 727 3595 viris
753 3523 1015 3622 quaerentibus
1040 3526 1202 3626 undique
1226 3532 1328 3629 jussa
1422 3546 1495 3622 175

300 3646 412 3715 Dona
437 3639 637 3720 cremando
660 3643 781 3741 rogb,
807 3644 945 3741 injecto
971 3664 1097 3718 errore
1121 3668 1277 3748 repente
1334 3655 1338 3665 ’

302 3762 447 3837 Obtulit
469 3775 555 3832 ante
581 3759 710 3834 oculos
734 3765 879 3837 taurina
902 3764 1027 3836 fronte
1049 3768 1222 3865 puellam,

301 3886 379 3973 Te,
403 3882 559 3998 misera,
585 3881 733 3973 infelix,
758 3901 814 3974 te,
839 3884 1108 3959 formossisima
1133 3891 1307 3983 Thamar,
1368 3982 1372 3987 Ι

300 4090 538 4145 v.1st.uelne
564 4094 639 4152 (Bel)
658 4094 732 4143 Dens
750 4093 972 4157 Babyloniorum.
1007 4095 1066 4147 Jes.
1083 4100 1128 4166 ts,
1148 4102 1173 4151 1.
1209 4104 1287 4155 Diod.
1307 4107 1363 4159 lica
1382 4104 1496 4179 251*ss

511 4182 650 4236 Helene
674 4185 827 4253 Argiva,
857 4188 977 4238 Menelai
1001 4191 1075 4255 regis
1092 4194 1371 4251 Lacedaemoniorum
1395 4204 1495 4273 conjux

440 4288 522 4349 repta
538 4300 556 4338 e
572 4288 680 4354 Paride,
698 4287 799 4340 Prieni
815 4285 995 4355 Troianorum
1010 4294 1086 4359 regis
1102 4296 1169 4363 tilio,
1187 4310 1272 4353 came
1289 4285 1392 4374 (iiim,
1413 4295 1500 4379 fex),

446 4374 559 4442 Trojani
576 4379 640 4430 belli
657 4380 744 4430 subse
761 4381 858 4431 fertur.
894 4383 1007 4433 flemen-
1023 4384 1102 4437 ntae.
1137 4390 1446 4467 nor.sat.r,s,1ot.
1478 4408 1481 4417 '

510 4471 647 4523 letone.
665 4473 740 4539 Vlll,
759 4473 802 4525 18.
1481 4496 1484 4507 ·
1581 4519 1589 4542 s

299 4560 336 4610 v.
357 4563 417 4613 tes.
435 4559 546 4612 Nilus·
563 4563 586 4626 1,
606 4564 649 4616 st.
685 4565 788 4616 rusus
805 4562 842 4631 v,
860 4564 922 4617 eso
958 4597 961 4607 .
1548 4426 1601 4650 Γ

299 4649 335 4701 v.
355 4654 416 4706 ree.
434 4653 623 4706 nuit.·Venet.
641 4668 691 4719 pro
709 4658 844 4709 ntum
859 4660 943 4712 sanet
958 4661 1050 4727 virgo,
1556 4656 1568 4731 i,
