3634 5667
384 599 429 669 Ω
801 584 1147 660 1111111

381 785 566 858 Conversa
587 780 628 853 in
654 780 777 855 socios
803 804 848 853 uc
870 779 1018 854 demum
1041 779 1195 857 foedere
1222 780 1303 859 diro

380 903 514 978 Omnia
538 902 752 1002 compositis
774 901 892 975 turbis
918 902 1048 975 sedata
1068 904 1243 1002 quierint.

475 1025 558 1096 Mos
583 1040 658 1114 est,
682 1021 860 1123 igniferas
885 1022 1030 1121 quoties
1055 1023 1094 1094 in
1118 1022 1218 1097 bella
1243 1041 1408 1100 catervas

378 1145 549 1219 Tartarei
572 1144 731 1217 eduxere
756 1143 869 1218 duces
877 1198 890 1237 ,
917 1171 984 1217 seu
1007 1145 1115 1220 litore
1139 1161 1281 1216 turmae
1495 1163 1567 1230 330

378 1265 636 1356 constiterint,
662 1291 728 1338 seu
752 1265 908 1338 desertis
932 1265 971 1336 in
994 1265 1180 1338 montibus
1205 1265 1325 1365 aspris

375 1390 515 1460 Noctes
541 1402 651 1486 atque
677 1360 756 1460 dies
782 1412 954 1460 exercere
981 1387 1128 1485 agmina
1153 1412 1298 1486 campo,

375 1511 456 1580 Nec
481 1506 669 1579 minimam
693 1506 801 1580 lassis
818 1532 982 1609 unquam
1006 1506 1197 1606 indulgere
1224 1507 1398 1605 quietem.

374 1628 424 1699 Ni
446 1626 604 1716 faciant,
627 1644 691 1698 aut
713 1628 785 1700 hac
809 1628 896 1701 illac
922 1653 1053 1729 sparsa
1076 1628 1226 1700 aethere
1253 1626 1428 1700 aberrent

375 1748 578 1842 Continuo,
604 1764 667 1819 aut
689 1747 787 1819 inter
811 1772 851 1820 se
877 1749 1004 1822 ineant
1029 1748 1231 1848 asperrima
1256 1747 1356 1824 bella
1363 1777 1376 1844 3
1493 1763 1565 1830 335

374 1871 496 1940 Tanta
520 1868 662 1940 animos
687 1866 830 1957 rabies,
856 1867 961 1942 fruor
986 1885 1097 1967 atque
1124 1869 1270 1939 insania
1292 1885 1426 1946 versat.

372 1991 472 2086 Ergo
498 1986 725 2061 locustarum
748 1987 896 2061 deserta
920 1981 990 2088 per
1014 1988 1094 2062 avia
1119 2013 1302 2059 summam

372 2107 561 2207 Principio
585 2109 754 2208 exigere,
781 2124 817 2179 et
840 2125 945 2180 rutae
960 2106 1081 2205 'atque
1106 2107 1365 2208 hypericonis,
1391 2107 1479 2196 ervi,

371 2227 618 2327 Absinthique
644 2227 783 2314 omnis,
809 2252 1035 2326 censumque
1060 2228 1224 2301 indicere
1251 2253 1406 2300 arenae:
1482 2245 1486 2249 ·

371 2350 514 2420 Durum
537 2374 649 2450 opus,
674 2347 868 2436 infestum,
895 2350 1089 2448 stygioque
1116 2349 1305 2421 molestius
1330 2350 1428 2448 igne.
1493 2361 1564 2438 340

370 2468 468 2541 Hinc
492 2467 588 2542 adeo
613 2493 796 2542 memores
821 2468 898 2543 visa
924 2485 1139 2541 execrantur
1164 2466 1298 2541 olentis
1386 2555 1388 2562 Ι

370 2589 481 2688 Nunc
505 2588 616 2661 etiam
640 2605 744 2660 rutae
769 2587 861 2662 folia
886 2605 998 2687 atque
1022 2588 1260 2689 hypericonis
1285 2587 1465 2661 umbram.

293 2788 299 2796 N
369 2707 461 2779 lnde
487 2709 560 2780 huc
585 2725 696 2806 atque
720 2707 808 2780 illuc
832 2708 1035 2780 transferre
1059 2707 1250 2781 horrentia
1274 2723 1396 2779 castra

370 2830 442 2898 Per
464 2827 552 2901 loca
575 2829 787 2917 inaccessa,
813 2826 978 2927 abruptis
1004 2833 1207 2928 asperrima
1232 2827 1347 2923 saxis3

373 2948 528 3020 Caetera
553 2947 705 3021 diversis
729 2948 828 3044 legio
854 2947 940 3018 dum
966 2973 1095 3048 sparsa
1119 2976 1187 3050 per
1212 2949 1342 3022 orbem
1403 2947 1406 2954 “
1491 2957 1562 3036 515

371 3067 550 3140 Paulatim
576 3074 684 3138 coeat
702 3065 830 3159 terrie,
855 3069 1133 3167 praemissaque
1157 3057 1267 3143 turba

370 3187 654 3288 Exploratorum
677 3184 817 3256 redeat.
867 3186 1015 3257 Pulsum
1040 3187 1183 3260 ossibus
1210 3187 1304 3260 albis

371 3311 604 3409 [lympanum
615 3305 1088 3406 equopraeithorrisonum‚
1104 3323 1223 3430 porat
1233 3307 1369 3406 ungula
1382 3333 1563 3406 equorum

369 3429 534 3501 Plurima
557 3451 656 3527 pone
683 3451 863 3524 sequens5
888 3427 1116 3528 flammisque
1142 3428 1332 3517 horrentia
1356 3428 1483 3501 lucent

372 3732 408 3784 v.
428 3737 489 3786 tto.
502 3732 626 3795 aspris
643 3747 693 3798 pro
704 3735 821 3798 asperu-
835 3734 907 3786 iidit.
920 3734 1018 3786 venet.
1032 3737 1052 3788 1.
1068 3737 1134 3788 iilic.

372 3869 407 3920 V.
422 3871 474 3923 8³8
501 3870 526 3919 tt
545 3868 606 3922 131.
639 3869 733 3920 ituta
765 3852 909 3938 (πήγανον,
941 3868 1042 3936 naute)
1074 3871 1159 3921 iente
1189 3865 1340 3934 nonensis,
1370 3867 1435 3918 olim
1459 3879 1562 3934 graece

476 3954 560 4042 p‘u'ta.
581 3970 687 4032 Duplex
702 3975 754 4040 est,
774 3975 867 4024 nativa
877 3977 905 4022 et
917 3971 1062 4023 silvestris.
1081 3973 1148 4023 Piin.
1170 3973 1214 4037 2⁰,
1233 3973 1277 4037 it,
1302 3973 1345 4022 oi.

475 4059 855 4144 Hypericon(rlree'ptuot‚
869 4063 1099 4141 Johanniskraut)
1120 4076 1138 4124 i.
1161 4086 1186 4136 q.
1208 4074 1394 4136 chamaepitys
1414 4074 1442 4121 et
1455 4072 1561 4122 eonon.

476 4167 605 4217 Ervum
624 4170 738 4228 (Erre)
758 4184 844 4237 genus
867 4171 910 4218 est
930 4169 1071 4232 leguminis
1093 4167 1194 4228 siliqua
1215 4165 1390 4226 cylindracea
1414 4165 1561 4228 fructuque

476 4268 593 4332 lignosa.
616 4267 720 4322 Colum.
747 4273 774 4338 2,
799 4273 841 4324 11.
864 4269 1082 4320 absinthium
1103 4253 1256 4338 (ἄψινθος,
1285 4259 1446 4338 Wermuth)
1475 4273 1563 4323 herba

477 4364 521 4410 est
537 4359 612 4409 iuliis
628 4363 814 4426 multipliciter
826 4361 898 4412 11εεί1
912 4361 1064 4426 insignique
1075 4362 1200 4413 amaritia
1216 4361 1349 4423 praedite.

368 4511 404 4559 V.
426 4511 477 4560 111)
494 4533 524 4544 -
542 4509 577 4559 tt
589 4507 651 4557 incl.
668 4509 697 4558 in
710 4509 782 4558 Edit.
800 4507 899 4559 venet.
914 4508 1110 4559 desiderentur.

372 4654 406 4705 V.
424 4657 485 4707 319.
500 4652 573 4705 Edita
599 4653 695 4706 Venet.
717 4667 767 4717 pro
790 4633 1020 4718 flammisque
1044 4655 1239 4706 horrentia
1253 4655 1272 4708 1.
1287 4653 1405 4704 fiammis
1425 4655 1559 4706 ardentia.
