<?xml version="1.0" encoding="UTF-8"?>
<!DOCTYPE html PUBLIC "-//W3C//DTD XHTML 1.0 Transitional//EN"
    "http://www.w3.org/TR/xhtml1/DTD/xhtml1-transitional.dtd">
<html xmlns="http://www.w3.org/1999/xhtml" xml:lang="en" lang="en">
 <head>
  <title>
</title>
<meta http-equiv="Content-Type" content="text/html;charset=utf-8" />
  <meta name='ocr-system' content='tesseract 3.04.00' />
  <meta name='ocr-capabilities' content='ocr_page ocr_carea ocr_par ocr_line ocrx_word'/>
</head>
<body>
  <div class='ocr_page' id='page_1' title='image "./jesuspuer00cevagoog_0128.png"; bbox 0 0 3634 5667; ppageno 0'>
   <div class='ocr_carea' id='block_1_1' title="bbox 376 564 1145 674">
    <p class='ocr_par' dir='ltr' id='par_1_1' title="bbox 376 564 1145 674">
     <span class='ocr_line' id='line_1_1' title="bbox 376 564 1145 674; baseline -0.016 -1"><span class='ocrx_word' id='word_1_1' title='bbox 376 604 423 674; x_wconf 81' lang='lat'><strong>96</strong></span> <span class='ocrx_word' id='word_1_2' title='bbox 743 564 1048 657; x_wconf 78' lang='lat' dir='ltr'><strong>‘ursan</strong></span> <span class='ocrx_word' id='word_1_3' title='bbox 1099 588 1145 662; x_wconf 75' lang='lat' dir='ltr'><strong>v,</strong></span> 
     </span>
    </p>
   </div>
   <div class='ocr_carea' id='block_1_2' title="bbox 251 759 1622 3775">
    <p class='ocr_par' dir='ltr' id='par_1_2' title="bbox 251 759 1622 3775">
     <span class='ocr_line' id='line_1_2' title="bbox 372 759 1461 885; baseline 0 -26"><span class='ocrx_word' id='word_1_4' title='bbox 372 788 495 885; x_wconf 81' lang='lat' dir='ltr'><strong>Digna</strong></span> <span class='ocrx_word' id='word_1_5' title='bbox 516 783 615 859; x_wconf 84' lang='lat' dir='ltr'><strong>foret</strong></span> <span class='ocrx_word' id='word_1_6' title='bbox 637 778 745 855; x_wconf 86' lang='lat' dir='ltr'><strong>lateri</strong></span> <span class='ocrx_word' id='word_1_7' title='bbox 763 781 879 882; x_wconf 88' lang='lat' dir='ltr'><strong>pedes</strong></span> <span class='ocrx_word' id='word_1_8' title='bbox 895 759 974 877; x_wconf 83' lang='lat' dir='ltr'><strong>ire,</strong></span> <span class='ocrx_word' id='word_1_9' title='bbox 999 799 1110 882; x_wconf 86' lang='lat' dir='ltr'><strong>atque</strong></span> <span class='ocrx_word' id='word_1_10' title='bbox 1144 808 1256 857; x_wconf 88' lang='lat' dir='ltr'><strong>aurea</strong></span> <span class='ocrx_word' id='word_1_11' title='bbox 1281 784 1357 859; x_wconf 89' lang='lat' dir='ltr'><strong>tela</strong></span> <span class='ocrx_word' id='word_1_12' title='bbox 1455 795 1461 815; x_wconf 86' lang='lat'><em>&#39;</em></span> 
     </span>
     <span class='ocr_line' id='line_1_3' title="bbox 369 893 1622 1005; baseline -0.005 -23"><span class='ocrx_word' id='word_1_13' title='bbox 369 911 493 1005; x_wconf 85' lang='lat' dir='ltr'><strong>Atque</strong></span> <span class='ocrx_word' id='word_1_14' title='bbox 505 920 678 978; x_wconf 87' lang='lat' dir='ltr'><strong>arcumet</strong></span> <span class='ocrx_word' id='word_1_15' title='bbox 689 903 903 1004; x_wconf 79' lang='lat' dir='ltr'><strong>pharetram</strong></span> <span class='ocrx_word' id='word_1_16' title='bbox 918 917 1042 975; x_wconf 88' lang='lat' dir='ltr'><strong>comes</strong></span> <span class='ocrx_word' id='word_1_17' title='bbox 1059 905 1098 975; x_wconf 93' lang='lat' dir='ltr'><strong>in</strong></span> <span class='ocrx_word' id='word_1_18' title='bbox 1114 906 1315 979; x_wconf 86' lang='lat' dir='ltr'><strong>certamina</strong></span> <span class='ocrx_word' id='word_1_19' title='bbox 1329 904 1443 981; x_wconf 80' lang='lat' dir='ltr'><strong>ferre.</strong></span> <span class='ocrx_word' id='word_1_20' title='bbox 1494 914 1562 994; x_wconf 65' lang='lat'><strong>405</strong></span> <span class='ocrx_word' id='word_1_21' title='bbox 1621 893 1622 923; x_wconf 61' lang='lat'><em>³</em></span> 
     </span>
     <span class='ocr_line' id='line_1_4' title="bbox 368 1022 1416 1127; baseline -0.002 -27"><span class='ocrx_word' id='word_1_22' title='bbox 368 1030 475 1100; x_wconf 90' lang='lat' dir='ltr'><strong>Hanc</strong></span> <span class='ocrx_word' id='word_1_23' title='bbox 500 1047 620 1126; x_wconf 88' lang='lat' dir='ltr'><strong>prona</strong></span> <span class='ocrx_word' id='word_1_24' title='bbox 643 1022 832 1095; x_wconf 90' lang='lat' dir='ltr'><strong>labentem</strong></span> <span class='ocrx_word' id='word_1_25' title='bbox 856 1024 964 1097; x_wconf 86' lang='lat' dir='ltr'><strong>basta</strong></span> <span class='ocrx_word' id='word_1_26' title='bbox 987 1023 1085 1097; x_wconf 89' lang='lat' dir='ltr'><strong>inter</strong></span> <span class='ocrx_word' id='word_1_27' title='bbox 1109 1027 1210 1099; x_wconf 88' lang='lat' dir='ltr'><strong>mille</strong></span> <span class='ocrx_word' id='word_1_28' title='bbox 1233 1048 1416 1127; x_wconf 80' lang='lat' dir='ltr'><strong>sequaces</strong></span> 
     </span>
     <span class='ocr_line' id='line_1_5' title="bbox 368 1141 1389 1245; baseline 0 -24"><span class='ocrx_word' id='word_1_29' title='bbox 368 1149 456 1221; x_wconf 87' lang='lat' dir='ltr'><strong>Non</strong></span> <span class='ocrx_word' id='word_1_30' title='bbox 481 1144 563 1217; x_wconf 91' lang='lat' dir='ltr'><strong>tulit</strong></span> <span class='ocrx_word' id='word_1_31' title='bbox 585 1141 650 1214; x_wconf 91' lang='lat' dir='ltr'><strong>ille</strong></span> <span class='ocrx_word' id='word_1_32' title='bbox 673 1143 806 1217; x_wconf 86' lang='lat' dir='ltr'><strong>animis</strong></span> <span class='ocrx_word' id='word_1_33' title='bbox 829 1169 949 1244; x_wconf 83' lang='lat' dir='ltr'><strong>nuper</strong></span> <span class='ocrx_word' id='word_1_34' title='bbox 972 1144 1145 1245; x_wconf 71' lang='lat' dir='ltr'><strong>uultuque</strong></span> <span class='ocrx_word' id='word_1_35' title='bbox 1172 1148 1389 1235; x_wconf 83' lang='lat' dir='ltr'><strong>tremendus</strong></span> 
     </span>
     <span class='ocr_line' id='line_1_6' title="bbox 367 1263 1427 1357; baseline -0.001 -15"><span class='ocrx_word' id='word_1_36' title='bbox 367 1268 561 1342; x_wconf 88' lang='lat' dir='ltr'><strong>Palantum</strong></span> <span class='ocrx_word' id='word_1_37' title='bbox 586 1264 718 1335; x_wconf 89' lang='lat' dir='ltr'><strong>ductor</strong></span> <span class='ocrx_word' id='word_1_38' title='bbox 740 1263 921 1337; x_wconf 86' lang='lat' dir='ltr'><strong>lemurum</strong></span> <span class='ocrx_word' id='word_1_39' title='bbox 945 1266 1188 1357; x_wconf 83' lang='lat' dir='ltr'><strong>Asmodaeus,</strong></span> <span class='ocrx_word' id='word_1_40' title='bbox 1213 1268 1251 1340; x_wconf 91' lang='lat' dir='ltr'><strong>in</strong></span> <span class='ocrx_word' id='word_1_41' title='bbox 1277 1294 1427 1341; x_wconf 93' lang='lat' dir='ltr'><strong>omnem</strong></span> 
     </span>
     <span class='ocr_line' id='line_1_7' title="bbox 367 1385 1358 1488; baseline 0 -26"><span class='ocrx_word' id='word_1_42' title='bbox 367 1390 600 1484; x_wconf 86' lang='lat' dir='ltr'><strong>Incurritque</strong></span> <span class='ocrx_word' id='word_1_43' title='bbox 623 1385 741 1459; x_wconf 86' lang='lat' dir='ltr'><strong>aciem</strong></span> <span class='ocrx_word' id='word_1_44' title='bbox 766 1385 946 1487; x_wconf 88' lang='lat' dir='ltr'><strong>trepidus,</strong></span> <span class='ocrx_word' id='word_1_45' title='bbox 972 1388 1204 1485; x_wconf 86' lang='lat' dir='ltr'><strong>classemque</strong></span> <span class='ocrx_word' id='word_1_46' title='bbox 1229 1388 1358 1488; x_wconf 77' lang='lat' dir='ltr'><strong>petivit</strong></span> 
     </span>
     <span class='ocr_line' id='line_1_8' title="bbox 367 1506 1558 1610; baseline 0 -27"><span class='ocrx_word' id='word_1_47' title='bbox 367 1515 462 1582; x_wconf 91' lang='lat' dir='ltr'><strong>Post·</strong></span> <span class='ocrx_word' id='word_1_48' title='bbox 479 1529 623 1608; x_wconf 83' lang='lat' dir='ltr'><strong>puppes</strong></span> <span class='ocrx_word' id='word_1_49' title='bbox 649 1524 687 1578; x_wconf 91' lang='lat' dir='ltr'><strong>ct</strong></span> <span class='ocrx_word' id='word_1_50' title='bbox 710 1523 871 1579; x_wconf 89' lang='lat' dir='ltr'><strong>transtra</strong></span> <span class='ocrx_word' id='word_1_51' title='bbox 893 1506 1014 1580; x_wconf 90' lang='lat' dir='ltr'><strong>latens</strong></span> <span class='ocrx_word' id='word_1_52' title='bbox 1041 1507 1241 1581; x_wconf 85' lang='lat' dir='ltr'><strong>formidine</strong></span> <span class='ocrx_word' id='word_1_53' title='bbox 1265 1510 1376 1610; x_wconf 86' lang='lat' dir='ltr'><strong>turpi.</strong></span> <span class='ocrx_word' id='word_1_54' title='bbox 1491 1518 1558 1597; x_wconf 72' lang='lat' dir='ltr'><strong>llo</strong></span> 
     </span>
     <span class='ocr_line' id='line_1_9' title="bbox 368 1620 1365 1730; baseline 0.001 -27"><span class='ocrx_word' id='word_1_55' title='bbox 368 1627 478 1703; x_wconf 89' lang='lat' dir='ltr'><strong>Haud</strong></span> <span class='ocrx_word' id='word_1_56' title='bbox 503 1627 610 1699; x_wconf 89' lang='lat' dir='ltr'><strong>aliter</strong></span> <span class='ocrx_word' id='word_1_57' title='bbox 635 1620 859 1726; x_wconf 77' lang='lat' dir='ltr'><strong>quandoque</strong></span> <span class='ocrx_word' id='word_1_58' title='bbox 885 1627 989 1699; x_wconf 87' lang='lat' dir='ltr'><strong>canis</strong></span> <span class='ocrx_word' id='word_1_59' title='bbox 1014 1631 1208 1728; x_wconf 88' lang='lat' dir='ltr'><strong>pecuarius</strong></span> <span class='ocrx_word' id='word_1_60' title='bbox 1234 1632 1365 1730; x_wconf 83' lang='lat' dir='ltr'><strong>ingens</strong></span> 
     </span>
     <span class='ocr_line' id='line_1_10' title="bbox 366 1746 1366 1846; baseline -0.002 -22"><span class='ocrx_word' id='word_1_61' title='bbox 366 1757 467 1825; x_wconf 88' lang='lat' dir='ltr'><strong>Rure</strong></span> <span class='ocrx_word' id='word_1_62' title='bbox 493 1747 645 1836; x_wconf 85' lang='lat' dir='ltr'><strong>cubans,</strong></span> <span class='ocrx_word' id='word_1_63' title='bbox 671 1746 703 1818; x_wconf 93' lang='lat' dir='ltr'><strong>si</strong></span> <span class='ocrx_word' id='word_1_64' title='bbox 729 1772 840 1846; x_wconf 90' lang='lat' dir='ltr'><strong>quem</strong></span> <span class='ocrx_word' id='word_1_65' title='bbox 862 1746 1072 1833; x_wconf 83' lang='lat' dir='ltr'><strong>venientem</strong></span> <span class='ocrx_word' id='word_1_66' title='bbox 1097 1752 1266 1845; x_wconf 86' lang='lat' dir='ltr'><strong>senserit,</strong></span> <span class='ocrx_word' id='word_1_67' title='bbox 1299 1776 1366 1824; x_wconf 90' lang='lat' dir='ltr'><strong>ore</strong></span> 
     </span>
     <span class='ocr_line' id='line_1_11' title="bbox 367 1866 1450 1971; baseline -0.004 -26"><span class='ocrx_word' id='word_1_68' title='bbox 367 1872 549 1945; x_wconf 89' lang='lat' dir='ltr'><strong>Continuo</strong></span> <span class='ocrx_word' id='word_1_69' title='bbox 575 1866 735 1940; x_wconf 80' lang='lat' dir='ltr'><strong>exululat</strong></span> <span class='ocrx_word' id='word_1_70' title='bbox 757 1890 905 1968; x_wconf 78' lang='lat' dir='ltr'><strong>magno,</strong></span> <span class='ocrx_word' id='word_1_71' title='bbox 930 1867 1210 1970; x_wconf 83' lang='lat' dir='ltr'><strong>insequiturque</strong></span> <span class='ocrx_word' id='word_1_72' title='bbox 1235 1885 1450 1971; x_wconf 81' lang='lat' dir='ltr'><strong>paventem3</strong></span> 
     </span>
     <span class='ocr_line' id='line_1_12' title="bbox 368 1986 1492 2094; baseline -0.003 -29"><span class='ocrx_word' id='word_1_73' title='bbox 368 1996 487 2094; x_wconf 85' lang='lat' dir='ltr'><strong>Quem</strong></span> <span class='ocrx_word' id='word_1_74' title='bbox 512 1991 545 2063; x_wconf 90' lang='lat' dir='ltr'><strong>si</strong></span> <span class='ocrx_word' id='word_1_75' title='bbox 570 1987 711 2061; x_wconf 79' lang='lat' dir='ltr'><strong>audens</strong></span> <span class='ocrx_word' id='word_1_76' title='bbox 736 1988 931 2086; x_wconf 87' lang='lat' dir='ltr'><strong>quisquam</strong></span> <span class='ocrx_word' id='word_1_77' title='bbox 956 2005 1060 2087; x_wconf 88' lang='lat' dir='ltr'><strong>petat</strong></span> <span class='ocrx_word' id='word_1_78' title='bbox 1084 1990 1224 2082; x_wconf 79' lang='lat' dir='ltr'><strong>obrius,</strong></span> <span class='ocrx_word' id='word_1_79' title='bbox 1250 1986 1369 2091; x_wconf 83' lang='lat' dir='ltr'><strong>ocyor.</strong></span> <span class='ocrx_word' id='word_1_80' title='bbox 1390 1993 1492 2063; x_wconf 87' lang='lat' dir='ltr'><strong>Euro</strong></span> 
     </span>
     <span class='ocr_line' id='line_1_13' title="bbox 366 2106 1554 2207; baseline 0.003 -19"><span class='ocrx_word' id='word_1_81' title='bbox 366 2120 486 2188; x_wconf 76' lang='lat' dir='ltr'><strong>Tecta</strong></span> <span class='ocrx_word' id='word_1_82' title='bbox 510 2111 609 2186; x_wconf 89' lang='lat' dir='ltr'><strong>subit</strong></span> <span class='ocrx_word' id='word_1_83' title='bbox 616 2136 630 2203; x_wconf 81' lang='lat'>3</span> <span class='ocrx_word' id='word_1_84' title='bbox 656 2106 863 2207; x_wconf 83' lang='lat' dir='ltr'><strong>stabulique</strong></span> <span class='ocrx_word' id='word_1_85' title='bbox 885 2106 961 2179; x_wconf 89' lang='lat' dir='ltr'><strong>alto</strong></span> <span class='ocrx_word' id='word_1_86' title='bbox 987 2107 1033 2181; x_wconf 94' lang='lat' dir='ltr'><strong>de</strong></span> <span class='ocrx_word' id='word_1_87' title='bbox 1059 2110 1217 2184; x_wconf 87' lang='lat' dir='ltr'><strong>culmine</strong></span> <span class='ocrx_word' id='word_1_88' title='bbox 1242 2136 1373 2187; x_wconf 84' lang='lat' dir='ltr'><strong>vecors</strong></span> <span class='ocrx_word' id='word_1_89' title='bbox 1488 2122 1554 2198; x_wconf 72' lang='lat' dir='ltr'><strong>tta</strong></span> 
     </span>
     <span class='ocr_line' id='line_1_14' title="bbox 365 2230 1243 2328; baseline -0.005 -21"><span class='ocrx_word' id='word_1_90' title='bbox 365 2240 519 2308; x_wconf 85' lang='lat' dir='ltr'><strong>Latratu</strong></span> <span class='ocrx_word' id='word_1_91' title='bbox 541 2230 581 2303; x_wconf 89' lang='lat' dir='ltr'><strong>in</strong></span> <span class='ocrx_word' id='word_1_92' title='bbox 605 2254 728 2303; x_wconf 89' lang='lat' dir='ltr'><strong>seram</strong></span> <span class='ocrx_word' id='word_1_93' title='bbox 750 2246 899 2302; x_wconf 89' lang='lat' dir='ltr'><strong>noctem</strong></span> <span class='ocrx_word' id='word_1_94' title='bbox 925 2256 966 2303; x_wconf 92' lang='lat' dir='ltr'><strong>se</strong></span> <span class='ocrx_word' id='word_1_95' title='bbox 990 2231 1105 2328; x_wconf 86' lang='lat' dir='ltr'><strong>jactat</strong></span> <span class='ocrx_word' id='word_1_96' title='bbox 1129 2231 1243 2304; x_wconf 88' lang='lat' dir='ltr'><strong>inani.</strong></span> 
     </span>
     <span class='ocr_line' id='line_1_15' title="bbox 339 2348 1262 2459; baseline 0 -33"><span class='ocrx_word' id='word_1_97' title='bbox 339 2384 347 2459; x_wconf 56' lang='grc' dir='ltr'><strong><em>ξ</em></strong></span> <span class='ocrx_word' id='word_1_98' title='bbox 367 2358 461 2437; x_wconf 89' lang='lat' dir='ltr'><strong>Tum</strong></span> <span class='ocrx_word' id='word_1_99' title='bbox 485 2353 612 2450; x_wconf 81' lang='lat' dir='ltr'><strong>fragor</strong></span> <span class='ocrx_word' id='word_1_100' title='bbox 636 2348 791 2440; x_wconf 83' lang='lat' dir='ltr'><strong>auditus,</strong></span> <span class='ocrx_word' id='word_1_101' title='bbox 816 2350 928 2423; x_wconf 88' lang='lat' dir='ltr'><strong>veluti</strong></span> <span class='ocrx_word' id='word_1_102' title='bbox 952 2351 986 2425; x_wconf 89' lang='lat' dir='ltr'><strong>si</strong></span> <span class='ocrx_word' id='word_1_103' title='bbox 1010 2370 1161 2427; x_wconf 90' lang='lat' dir='ltr'><strong>corruat</strong></span> <span class='ocrx_word' id='word_1_104' title='bbox 1185 2353 1262 2426; x_wconf 86' lang='lat' dir='ltr'><strong>axis</strong></span> 
     </span>
     <span class='ocr_line' id='line_1_16' title="bbox 338 2459 1367 2582; baseline -0.003 -32"><span class='ocrx_word' id='word_1_105' title='bbox 338 2459 405 2582; x_wconf 76' lang='lat' dir='ltr'><strong>{In</strong></span> <span class='ocrx_word' id='word_1_106' title='bbox 431 2498 612 2578; x_wconf 88' lang='lat' dir='ltr'><strong>praeceps</strong></span> <span class='ocrx_word' id='word_1_107' title='bbox 637 2468 797 2548; x_wconf 80' lang='lat' dir='ltr'><strong>fractus:</strong></span> <span class='ocrx_word' id='word_1_108' title='bbox 825 2472 1010 2546; x_wconf 84' lang='lat' dir='ltr'><strong>colluxere</strong></span> <span class='ocrx_word' id='word_1_109' title='bbox 1036 2474 1161 2545; x_wconf 89' lang='lat' dir='ltr'><strong>omnia</strong></span> <span class='ocrx_word' id='word_1_110' title='bbox 1187 2472 1367 2570; x_wconf 77' lang='lat' dir='ltr'><strong>llammis5</strong></span> 
     </span>
     <span class='ocr_line' id='line_1_17' title="bbox 343 2586 1264 2695; baseline -0.007 -24"><span class='ocrx_word' id='word_1_111' title='bbox 343 2602 554 2695; x_wconf 77' lang='lat' dir='ltr'><strong>Enetaque</strong></span> <span class='ocrx_word' id='word_1_112' title='bbox 582 2591 754 2664; x_wconf 86' lang='lat' dir='ltr'><strong>tartareis</strong></span> <span class='ocrx_word' id='word_1_113' title='bbox 778 2592 907 2664; x_wconf 89' lang='lat' dir='ltr'><strong>turinis</strong></span> <span class='ocrx_word' id='word_1_114' title='bbox 933 2610 1087 2665; x_wconf 90' lang='lat' dir='ltr'><strong>tonuere</strong></span> <span class='ocrx_word' id='word_1_115' title='bbox 1112 2586 1264 2665; x_wconf 81' lang='lat' dir='ltr'><strong>metalla</strong></span> 
     </span>
     <span class='ocr_line' id='line_1_18' title="bbox 335 2704 1555 2818; baseline -0.002 -29"><span class='ocrx_word' id='word_1_116' title='bbox 335 2704 526 2818; x_wconf 40' lang='lat' dir='ltr'><strong>{Explosa</strong></span> <span class='ocrx_word' id='word_1_117' title='bbox 549 2730 587 2786; x_wconf 90' lang='lat' dir='ltr'><strong>et</strong></span> <span class='ocrx_word' id='word_1_118' title='bbox 610 2711 727 2812; x_wconf 89' lang='lat' dir='ltr'><strong>piceis</strong></span> <span class='ocrx_word' id='word_1_119' title='bbox 753 2711 915 2784; x_wconf 76' lang='lat' dir='ltr'><strong>ratibus:</strong></span> <span class='ocrx_word' id='word_1_120' title='bbox 940 2713 1013 2786; x_wconf 90' lang='lat' dir='ltr'><strong>ruit</strong></span> <span class='ocrx_word' id='word_1_121' title='bbox 1038 2724 1124 2787; x_wconf 70' lang='lat' dir='ltr'><strong>aere</strong></span> <span class='ocrx_word' id='word_1_122' title='bbox 1150 2713 1293 2813; x_wconf 81' lang='lat' dir='ltr'><strong>grando</strong></span> <span class='ocrx_word' id='word_1_123' title='bbox 1489 2718 1555 2796; x_wconf 71' lang='grc'><strong>180</strong></span> 
     </span>
     <span class='ocr_line' id='line_1_19' title="bbox 335 2815 1413 2935; baseline 0.004 -34"><span class='ocrx_word' id='word_1_124' title='bbox 335 2815 534 2935; x_wconf 76' lang='lat' dir='ltr'><strong>lUndique</strong></span> <span class='ocrx_word' id='word_1_125' title='bbox 559 2829 772 2933; x_wconf 84' lang='lat' dir='ltr'><strong>serpentum</strong></span> <span class='ocrx_word' id='word_1_126' title='bbox 796 2830 976 2904; x_wconf 88' lang='lat' dir='ltr'><strong>lemurum</strong></span> <span class='ocrx_word' id='word_1_127' title='bbox 983 2862 996 2928; x_wconf 81' lang='lat'>3</span> <span class='ocrx_word' id='word_1_128' title='bbox 1031 2834 1139 2905; x_wconf 90' lang='lat' dir='ltr'><strong>simul</strong></span> <span class='ocrx_word' id='word_1_129' title='bbox 1163 2835 1300 2932; x_wconf 85' lang='lat' dir='ltr'><strong>impete</strong></span> <span class='ocrx_word' id='word_1_130' title='bbox 1331 2848 1413 2906; x_wconf 91' lang='lat' dir='ltr'><strong>toto</strong></span> 
     </span>
     <span class='ocr_line' id='line_1_20' title="bbox 362 2951 1295 3043; baseline -0.009 -12"><span class='ocrx_word' id='word_1_131' title='bbox 362 2957 572 3031; x_wconf 89' lang='lat' dir='ltr'><strong>Restituere</strong></span> <span class='ocrx_word' id='word_1_132' title='bbox 597 2952 715 3025; x_wconf 85' lang='lat' dir='ltr'><strong>aciem</strong></span> <span class='ocrx_word' id='word_1_133' title='bbox 739 2951 868 3043; x_wconf 88' lang='lat' dir='ltr'><strong>Belial,</strong></span> <span class='ocrx_word' id='word_1_134' title='bbox 895 2952 1110 3043; x_wconf 88' lang='lat' dir='ltr'><strong>Amidenus,</strong></span> <span class='ocrx_word' id='word_1_135' title='bbox 1143 2952 1295 3025; x_wconf 88' lang='lat' dir='ltr'><strong>Alastor</strong></span> 
     </span>
     <span class='ocr_line' id='line_1_21' title="bbox 362 3068 1301 3151; baseline -0.006 -2"><span class='ocrx_word' id='word_1_136' title='bbox 362 3074 481 3151; x_wconf 89' lang='lat' dir='ltr'><strong>Effusi</strong></span> <span class='ocrx_word' id='word_1_137' title='bbox 505 3089 646 3145; x_wconf 85' lang='lat' dir='ltr'><strong>contra.</strong></span> <span class='ocrx_word' id='word_1_138' title='bbox 688 3068 790 3141; x_wconf 89' lang='lat' dir='ltr'><strong>Mille</strong></span> <span class='ocrx_word' id='word_1_139' title='bbox 815 3071 905 3145; x_wconf 88' lang='lat' dir='ltr'><strong>Orci</strong></span> <span class='ocrx_word' id='word_1_140' title='bbox 926 3074 1101 3145; x_wconf 86' lang='lat' dir='ltr'><strong>immania</strong></span> <span class='ocrx_word' id='word_1_141' title='bbox 1135 3087 1301 3144; x_wconf 86' lang='lat' dir='ltr'><strong>monstra</strong></span> 
     </span>
     <span class='ocr_line' id='line_1_22' title="bbox 251 3190 1460 3294; baseline 0.001 -33"><span class='ocrx_word' id='word_1_142' title='bbox 251 3210 278 3261; x_wconf 62' lang='lat'><strong>»1</strong></span> <span class='ocrx_word' id='word_1_143' title='bbox 334 3205 341 3265; x_wconf 77' lang='lat' dir='ltr'><strong>l</strong></span> <span class='ocrx_word' id='word_1_144' title='bbox 363 3198 559 3294; x_wconf 69' lang='lat' dir='ltr'><strong>Gorgones</strong></span> <span class='ocrx_word' id='word_1_145' title='bbox 582 3209 693 3291; x_wconf 88' lang='lat' dir='ltr'><strong>atque</strong></span> <span class='ocrx_word' id='word_1_146' title='bbox 716 3190 839 3264; x_wconf 92' lang='lat' dir='ltr'><strong>ululae</strong></span> <span class='ocrx_word' id='word_1_147' title='bbox 866 3209 903 3265; x_wconf 89' lang='lat' dir='ltr'><strong>et</strong></span> <span class='ocrx_word' id='word_1_148' title='bbox 926 3194 1057 3291; x_wconf 83' lang='lat' dir='ltr'><strong>gryphi</strong></span> <span class='ocrx_word' id='word_1_149' title='bbox 1082 3191 1243 3291; x_wconf 87' lang='lat' dir='ltr'><strong>alatique</strong></span> <span class='ocrx_word' id='word_1_150' title='bbox 1276 3190 1460 3263; x_wconf 86' lang='lat' dir='ltr'><strong>dracones</strong></span> 
     </span>
     <span class='ocr_line' id='line_1_23' title="bbox 365 3310 1556 3414; baseline -0.006 -26"><span class='ocrx_word' id='word_1_151' title='bbox 365 3317 610 3388; x_wconf 86' lang='lat' dir='ltr'><strong>Circumstant</strong></span> <span class='ocrx_word' id='word_1_152' title='bbox 634 3314 807 3414; x_wconf 84' lang='lat' dir='ltr'><strong>equitem.</strong></span> <span class='ocrx_word' id='word_1_153' title='bbox 826 3310 829 3317; x_wconf 72' lang='grc'><strong>’</strong></span> <span class='ocrx_word' id='word_1_154' title='bbox 856 3312 1035 3412; x_wconf 86' lang='lat' dir='ltr'><strong>Clypeum</strong></span> <span class='ocrx_word' id='word_1_155' title='bbox 1059 3330 1148 3393; x_wconf 88' lang='lat' dir='ltr'><strong>tunc</strong></span> <span class='ocrx_word' id='word_1_156' title='bbox 1163 3310 1308 3413; x_wconf 64' lang='lat' dir='ltr'><strong>vaspere</strong></span> <span class='ocrx_word' id='word_1_157' title='bbox 1331 3311 1435 3409; x_wconf 82' lang='lat' dir='ltr'><strong>virgo</strong></span> <span class='ocrx_word' id='word_1_158' title='bbox 1486 3318 1556 3397; x_wconf 71' lang='lat'><strong>425</strong></span> 
     </span>
     <span class='ocr_line' id='line_1_24' title="bbox 367 3431 1325 3536; baseline -0.008 -25"><span class='ocrx_word' id='word_1_159' title='bbox 367 3436 516 3536; x_wconf 87' lang='lat' dir='ltr'><strong>Objocit</strong></span> <span class='ocrx_word' id='word_1_160' title='bbox 538 3432 692 3524; x_wconf 88' lang='lat' dir='ltr'><strong>rabidis,</strong></span> <span class='ocrx_word' id='word_1_161' title='bbox 718 3432 917 3530; x_wconf 87' lang='lat' dir='ltr'><strong>medioque</strong></span> <span class='ocrx_word' id='word_1_162' title='bbox 942 3432 1103 3504; x_wconf 90' lang='lat' dir='ltr'><strong>umbone</strong></span> <span class='ocrx_word' id='word_1_163' title='bbox 1124 3431 1325 3531; x_wconf 60' lang='lat' dir='ltr'><strong>,refulgens</strong></span> 
     </span>
     <span class='ocr_line' id='line_1_25' title="bbox 365 3551 1276 3651; baseline -0.014 -18"><span class='ocrx_word' id='word_1_164' title='bbox 365 3556 533 3633; x_wconf 86' lang='lat' dir='ltr'><strong>Numinis</strong></span> <span class='ocrx_word' id='word_1_165' title='bbox 559 3552 721 3628; x_wconf 89' lang='lat' dir='ltr'><strong>ostendit</strong></span> <span class='ocrx_word' id='word_1_166' title='bbox 745 3580 822 3626; x_wconf 92' lang='lat' dir='ltr'><strong>non</strong></span> <span class='ocrx_word' id='word_1_167' title='bbox 846 3552 912 3625; x_wconf 91' lang='lat' dir='ltr'><strong>ulli</strong></span> <span class='ocrx_word' id='word_1_168' title='bbox 938 3551 1085 3626; x_wconf 86' lang='lat' dir='ltr'><strong>effabile</strong></span> <span class='ocrx_word' id='word_1_169' title='bbox 1120 3551 1276 3651; x_wconf 82' lang='lat' dir='ltr'><strong>signum,</strong></span> 
     </span>
     <span class='ocr_line' id='line_1_26' title="bbox 363 3671 1430 3775; baseline -0.01 -24"><span class='ocrx_word' id='word_1_170' title='bbox 363 3680 501 3751; x_wconf 87' lang='lat' dir='ltr'><strong>Notum</strong></span> <span class='ocrx_word' id='word_1_171' title='bbox 523 3675 648 3748; x_wconf 86' lang='lat' dir='ltr'><strong>Erebo</strong></span> <span class='ocrx_word' id='word_1_172' title='bbox 674 3676 837 3775; x_wconf 67' lang='lat' dir='ltr'><strong>signumt</strong></span> <span class='ocrx_word' id='word_1_173' title='bbox 863 3673 971 3748; x_wconf 87' lang='lat' dir='ltr'><strong>simul</strong></span> <span class='ocrx_word' id='word_1_174' title='bbox 996 3700 1062 3746; x_wconf 83' lang='lat' dir='ltr'><strong>axe</strong></span> <span class='ocrx_word' id='word_1_175' title='bbox 1089 3673 1262 3774; x_wconf 82' lang='lat' dir='ltr'><strong>apparuit</strong></span> <span class='ocrx_word' id='word_1_176' title='bbox 1285 3671 1430 3771; x_wconf 82' lang='lat' dir='ltr'><strong>ingens,</strong></span> 
     </span>
    </p>
   </div>
   <div class='ocr_carea' id='block_1_3' title="bbox 367 3878 1561 4775">
    <p class='ocr_par' dir='ltr' id='par_1_3' title="bbox 367 3878 1560 4040">
     <span class='ocr_line' id='line_1_27' title="bbox 367 3878 1560 3952; baseline -0.006 -13"><span class='ocrx_word' id='word_1_177' title='bbox 367 3889 404 3939; x_wconf 83' lang='lat' dir='ltr'><strong>V.</strong></span> <span class='ocrx_word' id='word_1_178' title='bbox 419 3889 480 3940; x_wconf 81' lang='lat'>4⁰5.</span> <span class='ocrx_word' id='word_1_179' title='bbox 496 3885 661 3946; x_wconf 73' lang='lat' dir='ltr'><strong>ltd‘venet.</strong></span> <span class='ocrx_word' id='word_1_180' title='bbox 679 3896 744 3947; x_wconf 81' lang='lat' dir='ltr'><strong>prot</strong></span> <span class='ocrx_word' id='word_1_181' title='bbox 776 3887 890 3952; x_wconf 75' lang='lat' dir='ltr'><strong>Atque</strong></span> <span class='ocrx_word' id='word_1_182' title='bbox 905 3896 1024 3937; x_wconf 82' lang='lat' dir='ltr'><strong>arcum</strong></span> <span class='ocrx_word' id='word_1_183' title='bbox 1041 3887 1075 3936; x_wconf 87' lang='lat' dir='ltr'><strong>et</strong></span> <span class='ocrx_word' id='word_1_184' title='bbox 1090 3878 1292 3950; x_wconf 77' lang='lat' dir='ltr'><strong>pharetram</strong></span> <span class='ocrx_word' id='word_1_185' title='bbox 1311 3879 1394 3947; x_wconf 77' lang='lat' dir='ltr'><strong>leglt:</strong></span> <span class='ocrx_word' id='word_1_186' title='bbox 1418 3878 1560 3945; x_wconf 68' lang='lat' dir='ltr'><strong>utpictas</strong></span> 
     </span>
     <span class='ocr_line' id='line_1_28' title="bbox 506 3980 1096 4040; baseline -0.007 -13"><span class='ocrx_word' id='word_1_187' title='bbox 506 3980 659 4040; x_wconf 70' lang='lat' dir='ltr'><strong>pharetras.</strong></span> <span class='ocrx_word' id='word_1_188' title='bbox 1094 3986 1096 3997; x_wconf 64' lang='lat'><strong><em>⁴</em></strong></span> 
     </span>
    </p>

    <p class='ocr_par' dir='ltr' id='par_1_4' title="bbox 368 4068 868 4136">
     <span class='ocr_line' id='line_1_29' title="bbox 368 4068 868 4136; baseline -0.006 -14"><span class='ocrx_word' id='word_1_189' title='bbox 368 4070 725 4122; x_wconf 75' lang='lat' dir='ltr'><strong>v.toe.arnotaana.</strong></span> <span class='ocrx_word' id='word_1_190' title='bbox 750 4068 787 4136; x_wconf 85' lang='lat' dir='ltr'><strong>V,</strong></span> <span class='ocrx_word' id='word_1_191' title='bbox 806 4070 868 4123; x_wconf 88' lang='grc'><strong>881.</strong></span> 
     </span>
    </p>

    <p class='ocr_par' dir='ltr' id='par_1_5' title="bbox 368 4159 1277 4217">
     <span class='ocr_line' id='line_1_30' title="bbox 368 4159 1277 4217; baseline -0.003 -4"><span class='ocrx_word' id='word_1_192' title='bbox 368 4163 405 4214; x_wconf 83' lang='lat' dir='ltr'><strong>V.</strong></span> <span class='ocrx_word' id='word_1_193' title='bbox 422 4161 512 4217; x_wconf 75' lang='grc'><strong>118-</strong></span> <span class='ocrx_word' id='word_1_194' title='bbox 522 4162 557 4212; x_wconf 74' lang='lat'><strong>26</strong></span> <span class='ocrx_word' id='word_1_195' title='bbox 572 4160 601 4209; x_wconf 85' lang='lat' dir='ltr'><strong>in</strong></span> <span class='ocrx_word' id='word_1_196' title='bbox 613 4160 663 4210; x_wconf 85' lang='lat' dir='ltr'><strong>Ed.</strong></span> <span class='ocrx_word' id='word_1_197' title='bbox 677 4159 775 4210; x_wconf 87' lang='lat' dir='ltr'><strong>venet.</strong></span> <span class='ocrx_word' id='word_1_198' title='bbox 793 4160 822 4211; x_wconf 88' lang='lat' dir='ltr'><strong>in</strong></span> <span class='ocrx_word' id='word_1_199' title='bbox 838 4161 907 4211; x_wconf 79' lang='lat' dir='ltr'><strong>duos</strong></span> <span class='ocrx_word' id='word_1_200' title='bbox 924 4159 1029 4213; x_wconf 82' lang='lat' dir='ltr'><strong>Versus</strong></span> <span class='ocrx_word' id='word_1_201' title='bbox 1055 4162 1277 4213; x_wconf 77' lang='lat' dir='ltr'><strong>contrahuntur·</strong></span> 
     </span>
    </p>

    <p class='ocr_par' dir='ltr' id='par_1_6' title="bbox 399 4251 1316 4410">
     <span class='ocr_line' id='line_1_31' title="bbox 543 4251 1316 4318; baseline 0.003 -17"><span class='ocrx_word' id='word_1_202' title='bbox 543 4251 575 4301; x_wconf 90' lang='lat' dir='ltr'><strong>ln</strong></span> <span class='ocrx_word' id='word_1_203' title='bbox 591 4252 865 4318; x_wconf 56' lang='lat' dir='ltr'><strong>praeconabantur:</strong></span> <span class='ocrx_word' id='word_1_204' title='bbox 882 4253 1009 4315; x_wconf 85' lang='lat' dir='ltr'><strong>clypeum</strong></span> <span class='ocrx_word' id='word_1_205' title='bbox 1021 4254 1101 4304; x_wconf 83' lang='lat' dir='ltr'><strong>simul</strong></span> <span class='ocrx_word' id='word_1_206' title='bbox 1117 4264 1216 4315; x_wconf 82' lang='lat' dir='ltr'><strong>aspere</strong></span> <span class='ocrx_word' id='word_1_207' title='bbox 1235 4251 1316 4316; x_wconf 81' lang='lat' dir='ltr'><strong>virgo</strong></span> 
     </span>
     <span class='ocr_line' id='line_1_32' title="bbox 399 4338 1234 4410; baseline -0.001 -17"><span class='ocrx_word' id='word_1_208' title='bbox 399 4362 417 4397; x_wconf 61' lang='lat' dir='ltr'>x</span> <span class='ocrx_word' id='word_1_209' title='bbox 545 4338 653 4405; x_wconf 77' lang='lat' dir='ltr'><strong>objecit</strong></span> <span class='ocrx_word' id='word_1_210' title='bbox 669 4342 782 4410; x_wconf 82' lang='lat' dir='ltr'><strong>rabidis,</strong></span> <span class='ocrx_word' id='word_1_211' title='bbox 801 4344 946 4408; x_wconf 83' lang='lat' dir='ltr'><strong>medioque</strong></span> <span class='ocrx_word' id='word_1_212' title='bbox 963 4346 1080 4397; x_wconf 85' lang='lat' dir='ltr'><strong>umbone</strong></span> <span class='ocrx_word' id='word_1_213' title='bbox 1095 4344 1234 4409; x_wconf 77' lang='lat' dir='ltr'><strong>refulgens</strong></span> 
     </span>
    </p>

    <p class='ocr_par' dir='ltr' id='par_1_7' title="bbox 369 4426 1560 4575">
     <span class='ocr_line' id='line_1_33' title="bbox 369 4426 1560 4502; baseline -0.007 -16"><span class='ocrx_word' id='word_1_214' title='bbox 369 4436 404 4486; x_wconf 82' lang='lat' dir='ltr'><strong>V.</strong></span> <span class='ocrx_word' id='word_1_215' title='bbox 423 4436 486 4489; x_wconf 80' lang='grc'><strong>188.</strong></span> <span class='ocrx_word' id='word_1_216' title='bbox 504 4432 635 4487; x_wconf 80' lang='lat' dir='ltr'><strong>Belial.</strong></span> <span class='ocrx_word' id='word_1_217' title='bbox 653 4431 689 4499; x_wconf 89' lang='lat' dir='ltr'><strong>V,</strong></span> <span class='ocrx_word' id='word_1_218' title='bbox 705 4434 767 4486; x_wconf 82' lang='grc'><strong>884.</strong></span> <span class='ocrx_word' id='word_1_219' title='bbox 784 4433 943 4489; x_wconf 74' lang='lat' dir='ltr'><strong>Alastor.</strong></span> <span class='ocrx_word' id='word_1_220' title='bbox 966 4436 1015 4502; x_wconf 88' lang='lat'>111,</span> <span class='ocrx_word' id='word_1_221' title='bbox 1035 4437 1095 4490; x_wconf 76' lang='grc'><strong>181.</strong></span> <span class='ocrx_word' id='word_1_222' title='bbox 1124 4435 1318 4485; x_wconf 77' lang='lat' dir='ltr'><strong>Amidenus</strong></span> <span class='ocrx_word' id='word_1_223' title='bbox 1341 4429 1436 4483; x_wconf 74' lang='lat' dir='ltr'><strong>fictum</strong></span> <span class='ocrx_word' id='word_1_224' title='bbox 1458 4426 1560 4481; x_wconf 79' lang='lat' dir='ltr'><strong>diaboli</strong></span> 
     </span>
     <span class='ocr_line' id='line_1_34' title="bbox 508 4537 616 4575; baseline -0.028 0"><span class='ocrx_word' id='word_1_225' title='bbox 508 4537 616 4575; x_wconf 87' lang='lat' dir='ltr'><strong>nomen.</strong></span> 
     </span>
    </p>

    <p class='ocr_par' dir='ltr' id='par_1_8' title="bbox 370 4614 1561 4775">
     <span class='ocr_line' id='line_1_35' title="bbox 370 4614 1561 4681; baseline -0.007 -12"><span class='ocrx_word' id='word_1_226' title='bbox 370 4618 406 4669; x_wconf 52' lang='lat' dir='ltr'><strong>v,</strong></span> <span class='ocrx_word' id='word_1_227' title='bbox 424 4618 485 4672; x_wconf 77' lang='grc'><strong>481.</strong></span> <span class='ocrx_word' id='word_1_228' title='bbox 513 4616 697 4681; x_wconf 75' lang='lat' dir='ltr'><strong>Gorgones</strong></span> <span class='ocrx_word' id='word_1_229' title='bbox 713 4614 868 4669; x_wconf 81' lang='lat' dir='ltr'><strong>tabularum</strong></span> <span class='ocrx_word' id='word_1_230' title='bbox 880 4620 1003 4667; x_wconf 85' lang='lat' dir='ltr'><strong>monstra</strong></span> <span class='ocrx_word' id='word_1_231' title='bbox 1021 4615 1077 4666; x_wconf 79' lang='lat' dir='ltr'><strong>oris</strong></span> <span class='ocrx_word' id='word_1_232' title='bbox 1085 4616 1262 4667; x_wconf 80' lang='lat' dir='ltr'><strong>deformitate</strong></span> <span class='ocrx_word' id='word_1_233' title='bbox 1273 4616 1303 4667; x_wconf 80' lang='lat' dir='ltr'><strong>et</strong></span> <span class='ocrx_word' id='word_1_234' title='bbox 1318 4614 1439 4667; x_wconf 73' lang='lat' dir='ltr'><strong>crinitus</strong></span> <span class='ocrx_word' id='word_1_235' title='bbox 1448 4621 1561 4675; x_wconf 77' lang='lat' dir='ltr'><strong>serpen·</strong></span> 
     </span>
     <span class='ocr_line' id='line_1_36' title="bbox 511 4706 1058 4775; baseline 0.004 -19"><span class='ocrx_word' id='word_1_236' title='bbox 511 4707 576 4759; x_wconf 82' lang='lat' dir='ltr'><strong>tin&#39;u</strong></span> <span class='ocrx_word' id='word_1_237' title='bbox 591 4706 739 4775; x_wconf 82' lang='lat' dir='ltr'><strong>terribiles,</strong></span> <span class='ocrx_word' id='word_1_238' title='bbox 756 4710 782 4758; x_wconf 82' lang='lat' dir='ltr'><strong>b.</strong></span> <span class='ocrx_word' id='word_1_239' title='bbox 800 4710 819 4761; x_wconf 88' lang='grc' dir='ltr'><strong>Ι.</strong></span> <span class='ocrx_word' id='word_1_240' title='bbox 834 4709 1058 4760; x_wconf 68' lang='lat' dir='ltr'><strong>mortesmortes.</strong></span> 
     </span>
    </p>
   </div>
   <div class='ocr_carea' id='block_1_4' title="bbox 0 0 1822 5667">
    <p class='ocr_par' dir='ltr' id='par_1_9' title="bbox 0 0 1822 5667">
     <span class='ocr_line' id='line_1_37' title="bbox 0 0 1822 5667; baseline 0 2"><span class='ocrx_word' id='word_1_241' title='bbox 0 0 1822 5667; x_wconf 95' lang='lat' dir='ltr'><strong> </strong></span> 
     </span>
    </p>
   </div>
  </div>
 </body>
</html>
