3634 5667
347 597 420 668 118
756 577 1006 659 LIBER
1054 574 1118 651 vl.

350 777 555 882 Carpathus
580 791 837 875 extremusque
867 772 975 847 Albis
999 772 1226 874 Rhenusque
1250 772 1429 853 bicornia.

347 900 521 1000 Undique
546 920 754 970 eonvenere
781 894 913 985 duces,
937 897 1062 969 tremit
1084 894 1204 969 exeita
1227 896 1337 969 tellus

351 1019 513 1095 Ferratis
529 1015 717 1120 plaustris.
766 1015 837 1089 Hie
863 1041 965 1109 sors,
989 1018 1052 1093 hie
1077 1016 1160 1091 alea
1182 1043 1308 1091 rerum

352 1142 547 1243 Suprema,
572 1137 636 1211 hie
659 1160 748 1236 epea
771 1140 966 1239 Europae,
992 1139 1376 1239 collectaque'virtus.

350 1264 433 1339 Nee
457 1283 585 1334 morae
611 1282 681 1358 per
706 1256 844 1334 densos
870 1285 1030 1352 cuneos,
1054 1285 1124 1361 per
1148 1258 1306 1331 fulmina
1324 1255 1422 1347 valli,
1474 1269 1548 1337 560

348 1386 421 1457 Per
445 1395 591 1479 segetes
615 1377 707 1450 ferri
730 1379 949 1472 horrentes,
975 1382 1063 1455 hine
1085 1380 1243 1453 turbinis
1269 1379 1386 1449 instar

350 1504 592 1589 Sauromata,
616 1498 704 1572 hino
729 1501 912 1575 botherus
935 1504 1102 1594 Mavors,
1129 1519 1167 1574 et
1190 1499 1369 1592 Noricus5
1396 1494 1485 1569 inde

349 1622 437 1697 Flos
463 1620 583 1694 almae
606 1620 812 1721 Hesperiae
838 1640 951 1723 atque
984 1624 1105 1696 omnis
1138 1646 1230 1722 gens
1256 1618 1387 1692 aoeola
1410 1616 1547 1706 Rheni,

352 1729 498 1843 Quique
506 1739 662 1815 Amisim
676 1744 941 1842 Traunumque
957 1742 1090 1816 bibunt
1101 1740 1336 1843 gelidumque
1347 1738 1548 1837 Visurgim,

350 1862 638 1963 Hereyuiosque
669 1863 798 1937 uolunt
822 1862 958 1955 saltus,
985 1888 1055 1936 eeu
1078 1862 1266 1937 montibus
1292 1858 1368 1933 aeti
1475 1873 1547 1942 365

350 1987 556 2059 Torrentes
577 1982 759 2083 profugos
783 1984 831 2058 de
856 1985 1055 2061 moenibns
1080 1982 1184 2058 urbis
1209 1979 1383 2081 agebant.

353 2313 389 2368 V.
408 2317 470 2371 850.
488 2312 696 2378 Carpathus
721 2312 877 2381 (cerpmiii
899 2320 1021 2379 montes]
1046 2330 1098 2381 per
1121 2313 1293 2381 iluugeriaru
1321 2312 1358 2371 ai
1383 2309 1551 2369 8858100081

492 2420 579 2472 neque
596 2407 771 2469 Europaeem
787 2412 917 2473 pertinet.

492 2501 600 2553 Albia
617 2499 713 2561 (Eine)
731 2500 831 2554 iluvius
850 2502 1035 2570 Germaniae,
1053 2501 1101 2567 qui
1118 2509 1223 2553 ooeano
1235 2492 1392 2563 germanico
1409 2489 1552 2540 minuetur.

493 2592 644 2645 Rhenus
659 2593 820 2647 bicornia
838 2597 932 2663 (virg.
950 2600 1020 2649 Aen.
1038 2597 1066 2663 8,
1085 2594 1276 2662 ἵῦῡᾱὶοἱῖιιι,
1295 2582 1553 2655 quiaduplieiostio

491 2681 665 2737 moueanum
681 2689 924 2750 septentrionalem
940 2688 1038 2742 influit.
1253 2750 1255 2757 y

353 2775 390 2830 V.
408 2779 470 2832 858.
487 2776 561 2830 Edit.
579 2778 679 2830 Venet.
697 2792 749 2844 pro
766 2780 927 2834 ferratis
943 2782 1013 2849 legit
1030 2778 1185 2846 aerisonis,
1203 2778 1232 2829 ei
1248 2785 1299 2839 pro
1316 2773 1381 2825 hue
1397 2767 1418 2819 Ι.
1437 2766 1492 2818 111⁰·

351 2870 388 2923 V.
407 2871 459 2925 858
476 2884 536 2937 sqq.
553 2870 626 2923 Edit.
645 2870 745 2922 Venet.
763 2871 850 2938 legit:

517 2963 668 3031 moena,
683 2965 737 3016 hue
754 2965 862 3017 demum
879 2965 946 3018 satie
963 2965 1083 3018 Moneta
1100 2958 1237 3024 supremis

516 3054 568 3106 Iis
582 3055 679 3105 Asiam
695 3054 886 3124 Europamque
902 3059 994 3125 inter,
1011 3056 1058 3108 eui
1074 3058 1174 3117 pereat
1190 3050 1275 3103 oriris.

515 3147 595 3196 Mens
613 3147 711 3197 eadem
728 3150 835 3200 eunctis
853 3152 1020 3212 praedonem
1038 3158 1135 3199 arcere
1154 3147 1296 3195 cruentum

515 3238 661 3289 Moenibus
678 3239 817 3307 obsessis,
836 3245 885 3294 eui
901 3244 997 3293 certae
1016 3238 1179 3293 occumbere
1196 3228 1288 3287 moni.

353 3331 389 3385 V.
408 3332 460 3387 800
477 3343 538 3398 sqq.
557 3330 630 3384 iiiia
649 3329 775 3387 Veneta:
1136 3374 1139 3382 .

1180 3401 1263 3463 atque
1280 3397 1343 3448 hino

514 3496 640 3547 Saxones
657 3496 687 3545 et
704 3491 808 3547 cimbri
825 3498 909 3559 atque
927 3494 1011 3547 uani
1028 3504 1150 3560 gensque
1168 3491 1266 3544 accola
1283 3486 1387 3553 Moeni,

513 3586 551 3640 nt
565 3586 646 3639 Niori
663 3589 746 3652 atque
764 3588 853 3641 Amisi
870 3590 899 3640 et
915 3585 1047 3655 vahalis,
1066 3597 1188 3650 quosque
1205 3582 1285 3635 alluit
1301 3578 1385 3644 Eder,

516 3679 623 3744 Quique
640 3679 751 3733 utrum

353 3770 390 3823 V.
408 3772 470 3825 808.
488 3770 732 3824 sauromatae
749 3772 769 3824 i.
788 3784 815 3837 q.
834 3771 980 3822 sarmatae
997 3772 1095 3836 gentes
1112 3766 1247 3819 slavicae.

519 3864 705 3916 Letharns
721 3865 873 3916 Mavors
891 3867 921 3915 et
938 3861 1115 3923 Noricus.
1134 3858 1192 3912 cn.
1210 3856 1260 3922 Vl,
1281 3856 1342 3907 805.

355 3952 391 4007 V.
409 3955 472 4010 808.
489 3956 578 4013 Flos
595 3956 815 4020 Hesperiae.
834 3953 892 4006 Gir.
911 3954 961 4023 IV,
980 3957 1042 4008 487.
1061 3952 1111 4020 Vl,
1131 3952 1192 4003 808.

358 4048 395 4099 V.
414 4051 476 4104 aei.
495 4048 628 4102 Amisia
646 4046 777 4113 (Amisia,
795 4046 875 4105 uns)
891 4048 991 4098 iuvius
1011 4042 1176 4099 Germaniae
1195 4036 1428 4105 eepieutrionalin.

533 4143 706 4194 'irannus
724 4139 842 4199 (nram)
859 4138 967 4201 imperii
973 4138 1112 4189 austriaci
1120 4135 1235 4201 iuvius,
1255 4132 1301 4195 qui
1309 4128 1464 4181 Dantibium
1479 4125 1556 4190 petii.

533 4232 706 4297 V1surgis
725 4229 853 4295 (iveaerJ
870 4231 971 4280 fluvius
990 4230 1173 4295 Germaniae,
1192 4227 1239 4291 qui
1257 4225 1425 4275 inoeeanum
1443 4232 1554 4286 germa-

498 4324 590 4377 nieum
605 4324 701 4374 iniuia

359 4419 395 4470 V.
415 4420 476 4472 805.
495 4418 677 4481 Hercynii
699 4415 823 4469 saltus
851 4413 869 4464 i.
888 4426 915 4464 e.
941 4417 1049 4463 montes
1067 4410 1247 4471 Germaniae,
1273 4407 1318 4471 qui
1345 4408 1381 4458 eb
1400 4400 1557 4455 Aiemaunie

501 4510 575 4561 haud
595 4507 692 4573 proeul
716 4508 847 4557 anieno
862 4505 1011 4571 incipiuni,
1042 4514 1187 4564 ramosque
1214 4501 1302 4551 variis
1327 4488 1483 4549 nominibus
1509 4506 1558 4555 per

501 4602 621 4652 mediam
642 4596 818 4649 Germaniam
843 4598 1000 4649 extendunt.
1036 4594 1111 4645 iiieia
1138 4595 1164 4656 8,
1192 4596 1217 4644 8.
1246 4592 1352 4643 Caesar
1375 4591 1401 4639 b.
1421 4601 1447 4655 g.
1468 4590 1496 4653 0,
1515 4588 1556 4637 iii.

503 4693 590 4745 Tacit.
608 4694 643 4745 G.
663 4696 706 4746 80.
