3634 5667
364 585 411 652 w
793 563 1129 636 aternu.

363 768 451 840 Non
474 761 681 837 intellectas
703 759 813 835 labiis
840 777 999 834 conatur
1020 760 1208 860 utrisque,

363 893 413 962 Et
437 901 585 987 gnatam
610 883 683 983 (sic
707 882 773 956 illa
796 888 924 981 vocat)
949 883 1143 984 complexa
1166 882 1311 984 fatigat.

362 1013 421 1081 En
444 1009 582 1095 Reroe,
610 1029 660 1077 en
684 1004 836 1078 veniens
864 1028 885 1074 e
909 1003 1156 1078 torcularibus
1181 1005 1315 1096 Abre,:
1371 1003 1374 1011 '

362 1131 484 1202 Musta
507 1127 675 1201 recentia
697 1132 854 1225 unaque
879 1151 991 1196 manu
1016 1127 1219 1202 laetissima
1241 1127 1408 1230 portans,
1467 1140 1558 1209 220

364 1250 430 1323 Cui
454 1273 547 1348 puer
571 1247 660 1320 binc
684 1250 865 1337 Ammon,
891 1248 979 1320 binc
1004 1248 1139 1321 Rnhen
1162 1252 1324 1324 vestibus
1349 1248 1519 1324 haerent.

363 1374 449 1444 Mox
473 1367 624 1440 chora
648 1376 806 1442 ascensu
826 1367 926 1441 subit
950 1370 1149 1468 improvisa
1171 1390 1338 1471 repente,

364 1492 509 1592 Ingenti
535 1490 698 1562 clamore
724 1515 835 1562 ruens
861 1491 900 1561 in
927 1492 1044 1583 colla,
1068 1493 1218 1566 lacertis

363 1614 512 1713 Injectis
536 1613 694 1685 haerens
714 1615 790 1681 no'n
817 1612 1062 1686 extricabilis:
1088 1615 1171 1714 ipse

363 1734 565 1812 Candidior
589 1733 672 1806 nive
696 1731 965 1807 Gisseletrans
990 1735 1156 1808 formosa
1175 1733 1318 1808 'catella
1436 1755 1440 1761 ’
1484 1744 1556 1818 225

361 1856 543 1956 Agnoscit
565 1855 761 1944 reducem,
787 1869 825 1925 et
849 1855 989 1927 circum
1007 1855 1114 1928 'mille
1139 1857 1306 1958 implicat
1330 1855 1473 1948 orbes,'

359 1982 408 2054 Et
432 1994 551 2053 restes
577 1975 735 2075 scalpit,
760 1974 991 2074 genibusque
1017 1978 1198 2052 audacula
1222 1995 1355 2079 reptat.
1416 1997 1419 2006 ’
1467 1971 1471 1980 ’

359 2102 483 2200 thue
499 2101 658 2172 animam
672 2095 825 2167 Debora
843 2099 1057 2197 assumpsit:
1068 2093 1073 2104 ⁵
1084 2099 1207 2188 Mella,
1234 2099 1365 2199 inquit,
1391 2090 1429 2170 in
1445 2098 1558 2172 horto

361 2223 610 2322 (Attraxitque
636 2243 766 2292 eoram
787 2235 868 2291 toto
894 2243 961 2289 ore
988 2235 1025 2290 et
1048 2217 1202 2318 pectore
1228 2220 1379 2320 anhela)

358 2345 490 2435 Mella,
516 2345 688 2442 inquam,
715 2367 736 2412 e
762 2339 859 2413 ceris
887 2338 974 2409 dum
1000 2340 1137 2439 seligo,
1156 2339 1315 2420 nuncius
1338 2340 1440 2413 Helie
1483 2352 1556 2421 250

358 2470 414 2539 Te
443 2466 638 2541 advenisse
658 2463 760 2554 tulit,
785 2487 870 2536 mee
893 2461 955 2533 lux
963 2489 975 2556 3
1001 2459 1074 2533 hue
1101 2464 1269 2562 protinus
1296 2485 1425 2536 emens

358 2589 523 2682 Advol03
551 2588 619 2659 sed
643 2587 715 2660 fari
739 2587 799 2662 vir
818 2609 990 2686 possum,
1017 2607 1178 2681 namque
1204 2585 1351 2656 cucurri

183 2729 187 2740 '
279 2794 285 2810 ὓ
357 2709 598 2810 Praepetibus
623 2709 760 2800 cervis,
788 2724 829 2780 et*
847 2705 1011 2779 fulminis
1036 2705 1141 2776 ocior
1167 2704 1247 2782 elis.
1355 2718 1359 2727 '
1436 2693 1439 2701 ¹

358 2832 408 2903 Ut
431 2831 582 2902 tandem
610 2830 834 2932 amplector!
861 2827 964 2926 Quae
991 2823 1093 2914 sors',
1121 2817 1344 2898 dulcissima
1358 2839 1495 2910 rerum,

359 2953 464 3054 Quae
480 2952 655 3024 reducem
665 2951 787 3023 fausta
799 2973 890 3021 eura
902 2943 1011 3018 tulit?
1036 2943 1122 3016 nam
1131 2948 1251 3044 patria
1268 2935 1456 3044 nunquam
1483 2955 1554 3025 255

360 3074 510 3174 Oppida
531 3072 708 3163 visuram,
735 3088 772 3142 et
796 3093 950 3169 prorsus
977 3082 1137 3136 mutasse
1164 3065 1338 3165 Canopo,

359 3196 438 3295 (Me
464 3194 676 3294 miseraml)
704 3194 774 3264 hos
800 3213 910 3289 agros
937 3205 974 3260 et
998 3201 1097 3257 tecta
1123 3184 1276 3283 antiqua
1298 3203 1482 3286 putaram.

358 3319 408 3392 Ut
426 3336 463 3390 te
489 3317 690 3390 versicolor
715 3311 824 3385 decet
848 3312 943 3382 haee
968 3303 1152 3406 Aegyptia
1176 3303 1294 3405 pallel

357 3439 513 3512 Hiocine
538 3435 719 3536 Niligenis
745 3433 864 3506 cultus
894 3427 1116 3525 habitusque
1141 3421 1305 3525 puellis?

358 3563 419 3631 'Ile
444 3560 554 3632 sinito
580 3560 652 3630 buc
677 3555 791 3657 paulo
815 3551 1033 3654 propiorem
1058 3548 1097 3618 in
1121 3546 1204 3618 luce
1230 3542 1358 3621 videri.
1483 3552 1554 3628 2ᾰο

359 3681 462 3752 Haec
487 3681 584 3752 inter
608 3678 726 3750 festus
753 3673 918 3747 sublatus
946 3671 1087 3742 clamor
1114 3665 1163 3738 ad
1188 3691 1309 3754 auras,

360 3801 562 3900 lllataeque
589 3799 710 3886 faces,
738 3813 775 3867 et
798 3795 859 3865 lux
884 3793 968 3865 face
994 3789 1184 3890 pulchrior
1210 3786 1330 3858 omni:

360 3922 531 4020 Namque
558 3919 686 3993 aderat
710 3916 866 4016 pulcher
891 3914 999 3984 Jesus
1027 3907 1207 3982 Samuelis
1231 3907 1270 3978 ln
1296 3905 1405 3992 ulnis,

360 4043 483 4138 Atque
507 4064 581 4111 una
605 4040 805 4138 longaevus
832 4039 965 4121 Amos,
993 4047 1030 4102 et
1053 4028 1188 4102 vertice
1214 4025 1347 4125 glabro
1394 4009 1397 4020 ⁴

360 4160 591 4254 Nathanae13
617 4176 760 4232 veteres
784 4158 925 4256 Joseph
945 4179 1040 4254 quos
1064 4153 1160 4222 inter
1184 4147 1324 4219 amicos
1457 4150 1554 4226 ΜΒ

362 4282 394 4354 lt
418 4281 637 4372 lacrimans;
663 4280 834 4376 interque
860 4301 990 4346 manus
1017 4267 1285 4373 pulcherrimus
1304 4265 1431 4337 Infans

365 4400 513 4490 Stabat,
538 4418 579 4472 ut
601 4400 639 4470 in
665 4398 796 4471 mediis
822 4396 965 4471 nivibus
990 4417 1078 4488 rpse
1103 4406 1190 4462 nata
1215 4384 1406 4462 decembri

362 4549 473 4562 -ο

362 4587 755 4652 v.tee.canopns.1,68.

365 4681 400 4730 V.
420 4679 481 4733 889.
500 4678 690 4745 Nlligenis.
711 4678 754 4728 cf.
772 4677 795 4743 1,
813 4679 856 4730 al.
