3634 5667
360 614 432 682 116
771 596 1012 670 LIBER
1059 599 1122 673 VI.

362 798 495 893 Tuque
519 791 631 864 etiam
653 791 787 892 palmis
809 792 1041 891 superasses,
1066 795 1168 888 Jule,
1195 796 1393 873 Sabaudae

363 914 493 989 Gentis
519 914 660 1003 honos,
692 914 821 1013 primis
847 916 908 987 cui
932 941 1031 989 mors
1054 916 1271 991 florentibus
1288 922 1404 995 ‘annis

360 1034 512 1125 Invidit,
537 1057 587 1105 ue
610 1032 747 1106 laetam
770 1034 902 1107 urbem
927 1061 1182 1137 conversaque
1207 1038 1287 1111 fata
1478 1056 1546 1125 310

358 1158 557 1257 Aspiceres
583 1152 695 1244 belli,
721 1180 879 1253 quorum
902 1183 991 1258 pars
1010 1168 1151 1255 magua
1175 1156 1323 1235 luisses.

456 1279 507 1349 At
528 1276 605 1347 late
628 1274 669 1346 in
691 1274 815 1349 medio
841 1279 995 1353 Geticus
1027 1278 1213 1353 revolutus
1238 1281 1276 1352 in
1303 1306 1453 1355 omnem

355 1396 586 1472 Pannoniam
610 1394 641 1466 it
662 1412 831 1489 torrens,
857 1398 917 1470 cui
942 1398 999 1472 rix
1014 1400 1114 1480 ¹satis
1140 1397 1265 1498 ampla
1290 1402 1455 1492 camelis,

357 1517 545 1592 Armentis
571 1532 609 1587 et
634 1518 739 1616 equis
763 1518 980 1618 potoribus,
1005 1538 1115 1620 atque
1140 1520 1318 1595 trecentis

234 1723 238 1736 1
279 1725 281 1737 .
321 1672 328 1704 t
358 1643 531 1738 Europae
557 1652 669 1735 atque
694 1636 814 1716 Asiae,
833 1639 1000 1719 collectis
1026 1639 1197 1739 gentibus
1220 1666 1314 1743 urna
1477 1655 1545 1723 315

293 1847 298 1864 Β
358 1758 539 1831 Danubii:
566 1755 771 1831 Austriacis
796 1782 971 1859 successu
995 1760 1162 1860 turgidus
1186 1736 1343 1833 horrens

359 1884 418 1953 Ire
444 1876 659 1979 superfusus
684 1893 795 1977 rupto
821 1901 957 1977 aggere
984 1881 1148 1952 cernitur
1174 1883 1281 1957 artis.

357 2002 454 2074 Hinc
478 2000 636 2072 miserae
659 2013 799 2071 matres
822 1997 1004 2098 profugae
1031 2026 1100 2099 per
1125 2000 1217 2091 tela,
1249 2027 1317 2101 per
1343 2025 1452 2071 enses

359 2120 529 2196 Crinibus
556 2117 703 2213 effusis,
728 2118 976 2217 lamentisque
1003 2138 1102 2195 astra
1128 2122 1281 2213 cienteS,

358 2242 472 2343 Queis
497 2238 621 2313 medie
646 2263 667 2311 e
692 2238 841 2311 flamma
865 2240 1006 2338 gremio
1032 2252 1222 2343 asportata
1241 2240 1417 2343 supellex,
1475 2252 1547 2320 320

267 2403 269 2410 v
354 2364 432 2437 Aut
449 2386 579 2435 caesus
605 2359 757 2460 conjux,
790 2378 853 2434 aut
872 2363 969 2461 rapti
993 2363 1034 2435 iu
1059 2363 1203 2455 vincula
1226 2364 1316 2451 nati,
1391 2427 1393 2431 ,

355 2487 459 2557 luter
484 2507 602 2583 equos
628 2473 833 2580 sumusque
858 2481 994 2574 latent,
1020 2481 1250 2581 confusaque
1274 2499 1407 2556 castra.

356 2607 581 2705 Migrantum
606 2602 719 2706 plene
743 2628 831 2677 erse
855 2600 964 2701 fuga,
989 2601 1102 2703 plena
1127 2600 1251 2674 omnia
1276 2602 1390 2690 luctu,

356 2727 501 2799 Horror
525 2723 685 2822 ubique,
711 2741 850 2813 metus,
876 2722 1067 2821 faciesque
1092 2723 1299 2794 miserrima
1324 2720 1424 2794 belli.

356 2847 437 2917 Nec
453 2842 586 2945 procul
603 2843 840 2917 Austriadum
855 2843 1048 2915 obsessam
1062 2843 1284 2917 ,discrimine
1294 2845 1334 2915 iu
1347 2860 1451 2916 arcto
1478 2855 1548 2923 525

357 2966 519 3038 Cernere
546 2980 627 3036 erat
651 2962 798 3057 sedem3
822 2978 1030 3034 tercentum
1054 2966 1170 3038 millia
1194 2966 1334 3039 circum

357 3087 477 3186 Quam
502 3083 691 3155 Thracum
715 3082 895 3154 immensa
920 3083 1006 3156 valli
1031 3085 1228 3158 obsidione
1254 3095 1443 3161 coercent.

357 3203 539 3280 Omnibus
564 3202 594 3273 it
617 3217 735 3273 tortus
761 3202 901 3272 circum
927 3228 1016 3274 cava
1040 3220 1210 3305 tempora
1235 3208 1343 3280 turbo

353 3326 491 3399 Lineus
517 3320 695 3421 implexus
722 3322 851 3421 spiris,
872 3321 990 3393 latera
1017 3324 1132 3397 ardua
1158 3327 1273 3424 cingit

353 3446 486 3520 Fascia
509 3440 731 3518 versicolor:
759 3441 859 3514 vario
884 3442 1116 3543 Babylonica
1139 3462 1240 3517 textu
1348 3456 1351 3463 ’
1478 3460 1550 3527 350

353 3612 774 3630 w

351 3700 388 3752 V.
407 3704 469 3754 808.
492 3700 716 3752 Ludovteus
740 3677 888 3765 Julius,
922 3694 1020 3748 Comes
1048 3700 1193 3751 sabaudus
1220 3701 1249 3749 et
1273 3694 1396 3750 Marchio
1425 3699 1553 3751 salutiae

491 3790 620 3856 (salum
637 3793 673 3841 ad
690 3791 818 3855 Padum),
849 3791 931 3841 uatus
957 3790 1027 3842 1660
1057 3793 1085 3840 et
1109 3792 1233 3842 tribunus
1259 3791 1378 3842 militum
1398 3803 1417 3843 e
1440 3792 1553 3843 saturis

494 3884 563 3935 168³
583 3883 691 3932 occisus
708 3884 760 3930 est.
816 3885 820 3898 ¹

351 3975 388 4026 V.
407 3977 468 4027 8⁰9.
486 3974 560 4025 Edit.
579 3972 689 4023 venete
704 3972 790 4037 legtt:

499 4066 595 4116 Gentis
612 4068 715 4130 honos,
734 4065 778 4113 cui
795 4074 871 4113 mors
887 4075 1021 4125 praeceps
1039 4066 1198 4115 florentibus
1216 4066 1295 4117 annis

350 4157 385 4208 V.
405 4159 466 4209 stt.
487 4156 640 4207 Geticus
657 4160 811 4208 torrens
829 4155 848 4204 i.
867 4166 893 4203 e.
911 4156 1051 4206 Danubius
1068 4156 1130 4206 sive
1147 4156 1226 4207 lster.
1245 4158 1268 4225 1,
1289 4158 1385 4210 154⁷.
1398 4158 1489 4209 setae
1501 4170 1553 4221 po-

492 4247 574 4309 pulus
590 4249 626 4298 tul
643 4260 719 4298 mare
738 4248 855 4312 nigrum.

347 4343 383 4395 V.
402 4344 463 4396 825.
499 4340 573 4391 nott.
591 4338 691 4389 venet.
709 4350 760 4400 pro
778 4340 964 4389 obsessam
982 4339 1051 4405 legit
1069 4340 1198 4401 positam.

347 4435 383 4484 v.
403 4432 612 4486 sessanum
629 4430 805 4480 sustratum
825 4430 844 4478 t.
863 4443 888 4480 ο.
907 4430 1089 4481 viennam.
1109 4414 1158 4495 v³1‚
1179 4432 1240 4482 sos.

347 4527 382 4576 V.
402 4529 462 4579 Μ.
475 4526 628 4575 'threces
639 4521 664 4570 11.
674 4520 692 4572 1.
704 4522 821 4585 Tuscae,
830 4525 977 4584 propterea
987 4523 1180 4585 quourtraeiu
1188 4518 1330 4581 (Rom-lli)
1339 4523 1491 4571 Turturum
1499 4523 1553 4571 est.

345 4617 382 4668 V.
403 4621 464 4670 ³2⁰.
481 4613 654 4677 Babylon
680 4611 741 4677 (111,
771 4597 818 4670 te)
838 4618 903 4664 arte
926 4628 979 4666 atu
996 4616 1123 4680 pingendi
1141 4620 1169 4665 et
1187 4614 1303 4667 tentetis
1332 4613 1556 4665 versicoloribus

382 4704 386 4709 ’
491 4707 578 4759 clem.
614 4707 697 4756 Hert.
716 4706 761 4771 14,
782 4703 846 4756 150..
