3634 5667
235 511 280 588 'x

240 751 270 800 ιιι
287 745 389 814 angue
414 743 509 800 frent
530 743 722 812 pervagatum
746 750 782 799 so
799 728 937 800 uewunm
961 747 1011 800 ιιιο
1034 761 1134 817 magno
1153 751 1381 816 -nereuotusque
1399 755 1440 803 ni-

245 853 321 920 genii
337 853 409 903 viro.

229 983 232 1002 =
316 958 419 1010 Postea
435 956 521 1007 etiam
538 956 654 1018 primam
671 964 831 1020 comaron,
855 965 927 1018 quae
944 954 1091 1024 decidunt,
1113 957 1293 1010 velocitatem
1311 963 1339 1008 et
1356 963 1449 1009 aeter-

243 1073 297 1114 nos
320 1063 458 1118 astrorum
481 1059 675 1120 conversiones
698 1057 831 1123 indagare
848 1060 956 1110 ratione
974 1051 1074 1122 coepit.
1110 1062 1236 1112 sednon
1253 1065 1338 1112 vacat
1355 1064 1449 1112 omnia

242 1166 374 1219 hocloco
392 1172 623 1228 commemorare,
650 1171 722 1223 quae
738 1165 802 1211 sont
819 1163 854 1212 ab
873 1175 906 1212 eo
925 1163 1028 1214 tradita
1045 1163 1073 1214 in
1090 1162 1124 1214 iis
1141 1165 1236 1230 libris,
1267 1165 1312 1227 qui
1330 1169 1394 1214 sunt
1412 1168 1446 1216 de

240 1267 428 1334 philosophia,
447 1267 598 1316 denatura
616 1265 758 1329 gravium3
777 1276 900 1331 quaeque
919 1267 1056 1328 opusculis
1075 1269 1170 1318 estiis
1188 1267 1355 1334 complexus,
1374 1283 1445 1333 quae

240 1372 429 1424 inscribuntur
445 1349 655 1436 mathematica,
674 1368 770 1432 quibus
787 1380 841 1421 uno
858 1371 983 1432 tempore
1000 1371 1201 1432 praestantiam
1216 1375 1445 1436 venustatemque

243 1476 370 1538 declarat
385 1473 498 1542 ingenii.
515 1468 551 1532 a)
961 1535 963 1540 Ι
1293 1448 1298 1454 ’

314 1581 389 1632 saue
412 1570 505 1628 au'tem
527 1591 644 1646 vereor,
671 1580 718 1642 nt,
743 1577 817 1640 quod
836 1577 919 1644 volo,
946 1576 1069 1626 dicturus
1091 1577 1158 1626 sim:
1186 1580 1237 1630 sed
1254 1580 1319 1630 mibi
1337 1580 1448 1632 videtur
1524 1585 1528 1602 '

229 1680 345 1738 'Cava
367 1681 410 1732 sio
433 1681 657 1732 mathematicum
682 1679 816 1747 gessisse,
842 1684 874 1729 ιιι
901 1691 937 1730 ea
960 1681 1072 1743 inipso
1095 1695 1127 1732 re
1150 1686 1259 1744 poetam
1285 1685 1444 1733 ostenderit.

245 1775 318 1840 Nam
334 1785 407 1839 bella
425 1787 454 1836 et
471 1784 614 1849 eleganter
637 1797 684 1834 res
701 1783 849 1833 versabat:
876 1785 904 1832 et
923 1783 1083 1845 quibusdam
1100 1786 1199 1834 mentis
1216 1784 1304 1836 ferme
1323 1788 1447 1836 cursibus

224 1938 229 1945 ,
243 1891 380 1943 volitabat
403 1889 433 1940 in
454 1888 588 1938 immensa
612 1899 698 1949 prope
715 1885 764 1936 illa
781 1886 989 1935 mathematicos
1006 1887 1097 1947 spatia
1114 1888 1301 1952 undecumque
1318 1889 1447 1940 flosculos

242 1994 353 2060 legens,
370 1993 459 2044 itaut
475 1992 572 2057 modo,
591 1985 702 2054 injectis
719 1990 831 2048 repente
848 1987 1011 2056 luminibus,
1031 1990 1232 2040 obscurissimis
1249 1994 1332 2042 rebus
1349 2007 1447 2054 super..

243 2097 374 2148 auderet
394 2095 500 2156 lucem3
525 2094 607 2144 modo
631 2092 718 2158 alias,
746 2092 971 2155 quemadmodum
993 2093 1083 2152 poetis
1100 2092 1299 2154 pulcherrimae
1317 2095 1449 2147 felicissi-

244 2211 362 2263 maeque
379 2197 513 2264 imagines
529 2197 651 2249 incidunt
668 2195 819 2260 inopinato,
839 2206 973 2257 quumque
990 2195 1101 2244 minime
1120 2197 1191 2257 aptis
1210 2198 1386 2264 temporibus,
1405 2199 1447 2248 sic
1535 2243 1541 2267 ,

242 2304 292 2356 ille
308 2301 460 2365 inproviso
477 2299 679 2362 assequebatur
695 2297 798 2361 impetu
815 2297 1039 2348 difficillimarum
1055 2299 1177 2348 rationes
1193 2312 1295 2349 rerum.
1314 2301 1448 2363 Exemplo

243 2407 281 2460 eit
297 2406 448 2472 inventam,
466 2413 520 2468 quo
537 2401 605 2452 licet
618 2396 679 2465 jam
696 2402 855 2452 mechanioe
872 2401 1009 2451 trifariam
1028 2393 1192 2467 triangulum
1210 2401 1307 2462 partiri
1321 2415 1447 2463 percom-

178 2537 180 2542 ·
243 2512 342 2581 mode,
366 2517 503 2575 opereque
525 2515 657 2568 perquam
679 2504 752 2554 nudo
775 2506 804 2554 et
825 2504 953 2566 simplici.
990 2506 1050 2564 Quia
1068 2508 1102 2555 de
1120 2485 1205 2556 causa
1222 2503 1342 2555 maxima
1359 2508 1402 2553 est
1420 2505 1447 2554 ei

243 2617 302 2665 tum
323 2613 386 2664 laus
408 2610 512 2664 trlbuta
528 2620 547 2658 a
563 2606 684 2658 literatis
700 2607 780 2658 viris.
816 2607 916 2658 Invidit
933 2608 974 2659 illi
992 2611 1061 2659 hane
1077 2608 1187 2659 laudem
1204 2606 1303 2682 nobilis
1322 2619 1338 2656 e
1356 2605 1446 2658 Gallia

242 2714 451 2768 mathematicus
467 2713 592 2767 biarcbio
606 2707 821 2791 Hospituly,
838 2710 909 2759 libro
929 2711 1013 2778 edito,
1032 2724 1084 2775 quo
1102 2724 1134 2761 se
1152 2713 1293 2762 auctorem
1310 2710 1450 2772 praeclari

243 2787 349 2870 inventi
372 2815 504 2867 iaciebat.
540 2816 595 2878 Sed
617 2817 714 2875 notata
732 2811 822 2862 estin
838 2811 909 2862 actis
929 2813 1042 2863 Venetis
1061 2811 1179 2872 (levae
1202 2813 1286 2864 editio
1304 2815 1383 2864 anuis
1400 2816 1450 2864 de-

245 2932 306 2971 cem
323 2919 456 2970 anterior.
492 2917 621 2971 ceterum
643 2929 679 2972 ea
699 2916 742 2967 illi
764 2918 877 2978 praeter
895 2915 1048 2976 opinionem
1065 2929 1112 2966 res
1130 2918 1243 2986 cecidit,
1273 2929 1334 2965 curn
1352 2918 1449 2967 urbem

242 2987 410 3090 ‚circumiens
434 3032 500 3071 casu
523 3021 618 3071 oculos
641 3021 678 3072 ad
700 3019 880 3080 pervetustae
904 3014 1047 3096 eujusdam
1066 3015 1365 3082 januaesupercilium
1384 3032 1449 3070 con-

245 3125 393 3192 vertisset,
418 3126 449 3172 ιιι
472 3122 661 3185 symmetriam
687 3120 847 3173 universam
872 3122 1045 3172 observaret.
1090 3122 1153 3172 Alia
1178 3122 1220 3172 his
1243 3123 1329 3173 multo
1356 3127 1450 3175 essent

245 3229 340 3295 plura,
359 3239 431 3290 quae
447 3225 545 3275 maluit
561 3225 620 3289 igni
636 3224 720 3290 dare,
739 3226 840 3274 autad
858 3225 962 3274 amicos
980 3223 1059 3272 rudia
1075 3223 1185 3272 mittere
1204 3225 1361 3290 diligentius
1379 3227 1449 3277 umi-

248 3333 332 3382 citiae
349 3331 490 3395 serviens,
509 3331 537 3377 et
554 3328 691 3377 hominum
707 3325 816 3392 fugiens
834 3326 1003 3390 opinionem,
1022 3327 1094 3388 quod
1112 3327 1198 3398 nollet
1215 3329 1297 3377 animi
1315 3329 1447 3378 virtutem

248 3435 338 3488 obteri
354 3434 469 3484 levioris
486 3433 673 3482 assentatione
690 3429 793 3497 famae,
810 3440 829 3480 a
847 3440 902 3492 qua
918 3428 1063 3490 plurimum
1073 3431 1128 3479 sibi
1140 3430 1262 3497 tImebat,
1282 3431 1448 3494 quodetiam

251 3537 372 3602 eleganti
390 3535 543 3586 declaravit
559 3535 728 3583 hexametro.
1062 3595 1064 3600 ,

317 3640 373 3688 Sed
397 3640 469 3688 enim
492 3650 592 3687 nomen
617 3631 679 3700 ejus
704 3639 732 3684 et
757 3633 832 3685 lama
855 3633 990 3683 latissime
1016 3639 1169 3700 pervagata
1187 3638 1305 3688 omnium
1323 3641 1447 3704 gentium

247 3743 420 3794 doctissimos
439 3742 466 3790 ei
484 3740 616 3803 devinxit,
633 3739 675 3788 ita
690 3741 722 3787 ιιι
738 3736 872 3798 epistolae
889 3735 926 3784 ad
940 3730 1066 3786 Cevam
1083 3740 1118 3788 ab
1135 3741 1260 3790 omnibus
1277 3743 1451 3794 mitterentur

245 3906 280 3968 ιι)
298 3912 346 3959 Th.
366 3907 465 3959 Cava
491 3910 540 3957 hos
567 3906 654 3955 libros
683 3904 891 3954 mathematicos
918 3904 1019 3954 edidit:
1054 3907 1084 3964 ιι)
1111 3907 1152 3956 De
1180 3911 1280 3958 natura
1307 3910 1449 3961 Gravium.

299 3982 331 4038 b)
355 3981 396 4028 De
422 3978 529 4031 ratlone
556 3976 726 4038 hequilihrii.
781 3977 809 4032 c)
828 3976 869 4024 De
891 3976 1014 4026 sectione
1039 3979 1393 4042 geometrico-harmonica
1419 3985 1448 4030 et

301 4049 486 4102 arithmetica.
524 4049 554 4105 d)
573 4049 614 4096 De
634 4047 756 4094 sectione
775 4045 867 4108 anguli
884 4048 1021 4096 rectilinei
1039 4049 1067 4096 in
1080 4049 1189 4110 quotvis
1208 4052 1301 4108 partes
1318 4052 1450 4114 aequales

299 4125 358 4170 tum
375 4119 525 4184 organice,
544 4121 602 4166 tum
621 4128 671 4177 per
688 4117 819 4178 quasdam
831 4117 919 4165 lineas
939 4130 1047 4166 curves.
1085 4120 1114 4175 e)
1129 4117 1339 4168 lusti-omentum
1358 4125 1450 4182 aptum

301 4194 338 4242 ad
352 4186 508 4253 hujusmodi
533 4188 684 4238 sectionem
711 4182 825 4248 ejusque
852 4201 926 4235 usus.
964 4188 1050 4245 illle
1071 4187 1212 4250 cycloide.
1248 4191 1279 4252 g)
1305 4191 1345 4240 De
1369 4192 1451 4242 lineis

299 4260 490 4324 phantasticis.
527 4259 557 4315 Ιι)
576 4260 617 4307 De
636 4257 823 4306 Flexibilibus.
860 4258 883 4313 i)
902 4260 1030 4306 Machina
1048 4259 1075 4306 di
1092 4259 1195 4308 Fuochi
1215 4272 1263 4318 per
1282 4263 1300 4310 il
1320 4265 1347 4312 S.
1369 4265 1449 4312 Prin-

302 4333 364 4393 cipe
382 4328 554 4393 Eugenio.
589 4325 624 4383 h)
643 4328 753 4377 liischio
773 4330 821 4374 che
839 4328 864 4375 si
882 4339 962 4376 corre
981 4324 1044 4376 nell'
1064 4329 1156 4377 uscire
1183 4329 1208 4377 di
1228 4341 1354 4398 carozzu,
1373 4347 1449 4382 mon-

303 4400 497 4451 treicavalli
515 4409 583 4449 sono
613 4399 643 4446 ιιι
674 4399 749 4461 loga.
788 4398 845 4446 cir.
874 4400 1086 4448 hiemoires.
1114 4399 1133 4448 l.
1159 4411 1182 4447 o.
1203 4411 1265 4463 pag.
1287 4405 1347 4454 aas.
1385 4403 1448 4452 cur.

302 4471 392 4522 Woli.
411 4469 538 4519 clement.
558 4469 641 4516 biath.
661 4469 735 4516 univ.
756 4468 785 4516 h.
804 4467 839 4515 V.
860 4480 883 4515 c.
905 4470 929 4518 1.
950 4469 976 4527 S.
996 4473 1037 4520 33·
1059 4469 1125 4529 (lap.
1145 4470 1205 4518 Vll.
1226 4471 1251 4526 s,
1265 4474 1290 4521 9.
1310 4474 1450 4524 Monquela

303 4542 365 4591 hist.
385 4542 432 4589 des
450 4538 577 4589 mathim.
596 4537 686 4586 Nouv.
707 4539 770 4587 edit.
791 4537 820 4584 Τ.
838 4536 871 4585 ll.
892 4551 917 4597 p.
932 4540 975 4588 9³.
995 4539 1163 4598 (Scheihels)
1183 4541 1312 4591 Mathem.
1331 4543 1452 4593 Biicher-

305 4607 401 4662 kennt.
421 4612 467 4658 Th.
487 4610 509 4660 1.
528 4610 557 4657 S.
578 4610 639 4659 868.
658 4607 750 4673 Biogr.
769 4608 844 4657 univ.
864 4609 893 4656 Τ.
913 4609 974 4658 vll.
