3634 5667
350 515 408 590 ,61
516 530 517 533 ’
780 500 1130 577 ΙιΙΒΕΗ.Ν.

357 695 599 786 Transierant
621 693 793 786 vitreum,
820 723 893 796 qua
911 696 1037 797 glarea
1060 699 1181 794 sicca,
1209 701 1393 779 Cisonem.

356 821 514 915 Jamque
536 816 839 915 propinquabant
863 818 1005 910 Sunae,
1032 847 1127 919 quae
1152 823 1288 897 vertice
1313 826 1352 898 in
1377 827 1478 902 alto·

302 1000 304 1005 ,
360 922 510 1013 Eminet
533 936 622 1010 aerii
648 935 774 1030 collis,
801 938 860 1010 cui
883 964 1023 1038 pascua
1049 942 1188 1014 circum

354 1058 550 1132 ‘Fructibus
576 1072 613 1128 et
637 1081 829 1146 nemorum
852 1059 971 1160 longis
996 1061 1084 1163 juga
1109 1063 1252 1136 consita
1277 1063 1392 1140 olivis·

352 1181 423 1252 Hic
449 1203 603 1278 capreas
628 1176 724 1248 inter
748 1179 946 1254 tondentes
972 1183 1138 1280 gramina
1163 1183 1267 1256 vallis
1474 1205 1544 1272 100

352 1304 530 1374 Invenere
556 1295 694 1369 bonam
719 1298 909 1372 succincta
932 1301 970 1373 in
996 1320 1095 1376 veste
1122 1302 1295 1402 puellam,

340 1423 471 1496 ‘Vecte
496 1416 587 1490 duas
612 1416 721 1488 tereti
752 1442 797 1491 ao
821 1419 924 1494 lento
951 1449 1046 1523 quae
1071 1422 1168 1494 forte
1193 1423 1350 1528 gerebat
1378 1443 1381 1460 ’

351 1540 533 1639 Fagineas
557 1537 719 1611 humeris
744 1538 872 1614 situlas
906 1560 944 1615 et
968 1544 1104 1616 vertice
1129 1542 1281 1642 plenam

350 1664 467 1732 Lacte
491 1685 622 1730 urnam
645 1659 792 1758 tepido,
819 1664 878 1734 cni
903 1665 1045 1737 laevam
1071 1662 1303 1760 admoverat3
1330 1691 1395 1738 ore

350 1780 420 1853 llla
445 1779 594 1878 quidem
618 1777 737 1868 fusco,
762 1805 851 1852 nam
874 1781 1012 1856 dudum
1037 1785 1198 1858 exercita
1222 1785 1361 1884 campis
1474 1802 1542 1870 105

353 1900 442 1973 Sole
463 1899 530 1973 sub
557 1900 694 1974 aestivo
708 1928 721 1995 3
747 1917 787 1972 at
811 1903 964 2003 simplex
989 1925 1027 1979 et
1052 1904 1233 1994 candida,
1257 1932 1328 1978 nec
1355 1904 1444 1978 dum

354 2019 490 2093 Saucia
516 2043 642 2091 amore
667 2021 765 2111 ullo,
793 2048 1005 2121 quanquam
1030 2042 1105 2098 tres
1133 2025 1280 2098 circiter
1302 2050 1421 2100 annos

350 2143 434 2216 Jam
457 2139 575 2219 tribus
601 2139 795 2214 addiderat
819 2141 954 2221 lustris.
1003 2145 1107 2216 Haec
1132 2145 1281 2217 numine
1305 2146 1396 2242 visu,
1463 2178 1470 2196 ν

353 2263 435 2362 Quo
461 2287 538 2333 non
562 2261 732 2335 interris
756 2288 850 2362 puer
873 2289 1036 2361 unquam
1060 2263 1359 2363 pulchrioruullis

352 2383 428 2457 Ore
452 2381 538 2471 fuit,
565 2382 715 2481 qualem
732 2382 985 2484 nequicquam
1009 2382 1148 2482 fingere
1175 2385 1270 2457 ceris
1472 2403 1542 2470 110

352 2501 552 2576 cinnabari
577 2500 626 2574 ad
650 2504 766 2578 viuum
790 2504 968 2576 Lucensis
995 2529 1083 2575 cura
1107 2503 1272 2592 laboret,

352 2622 513 2696 Coelesti
538 2623 672 2696 exarsit
693 2625 841 2698 flamma
866 2639 1040 2722 correpta
1062 2640 1230 2722 repente,

351 2745 475 2840 Atque
501 2744 557 2813 sui
575 2761 686 2842 atque
712 2745 828 2819 oblita
854 2743 975 2838 gregis
993 2742 1047 2813 sic
1073 2767 1137 2814 ore
1164 2742 1308 2816 locuta:

352 2862 386 2936 0
412 2879 551 2951 mater,
578 2889 652 2961 quo
675 2865 869 2964 pulchrum
894 2863 989 2934 adeo
1014 2888 1082 2963 per
1107 2861 1234 2959 iniqua
1258 2861 1397 2936 viarum

350 2981 694 3071 Deliciumtrahis,
719 2985 811 3072 heu,
838 2983 950 3053 Titan
976 2981 1063 3052 dum
1086 2979 1369 3054 flammeusaxe
1470 2999 1541 3068 115

352 3101 450 3173 Saxa
475 3101 617 3199 coquit,
642 3100 848 3200 flagratque
867 3100 947 3172 dies
971 3099 1196 3172 ferventibus
1221 3099 1352 3172 horis?

348 3221 461 3295 Haud
481 3222 613 3322 procul
632 3221 719 3294 hinc
733 3222 821 3294 mihi
834 3247 947 3322 parva
965 3217 1112 3291 domus:
1140 3216 1305 3291 secedito
1317 3221 1365 3292 ad
1374 3221 1542 3294 umbram

348 3346 560 3444 Paulisper,
584 3343 705 3417 donec
731 3343 826 3417 coeli
852 3340 1038 3414 desaeviat
1064 3339 1195 3428 ardor,

350 3465 600 3565 Adspiretque
624 3465 726 3538 brevi
753 3489 848 3564 quae
873 3479 1057 3563 temperat
1081 3486 1171 3532 aura
1191 3459 1364 3533 calorem.

351 3586 385 3660 0
411 3612 522 3684 quam
541 3594 578 3671 te
592 3583 819 3658 memorem?
847 3583 917 3654 Dic
933 3608 955 3654 o
969 3582 1100 3682 quibus
1117 3579 1258 3690 advena
1269 3580 1318 3652 ah
1335 3576 1441 3656 oris?
1468 3593 1540 3664 120

351 3795 388 3846 V.
407 3797 451 3846 911.
466 3795 644 3847 oisonem.
662 3794 704 3844 cf.
721 3796 756 3860 11,
776 3799 819 3847 31).

350 3883 388 3938 V.
399 3887 443 3938 97.
464 3887 558 3937 Suus
573 3887 712 3951 (ennam),
727 3888 792 3935 urbs
808 3887 896 3938 tribus
908 3887 1035 3938 lsascher
1053 3886 1082 3937 in
1098 3887 1155 3953 vla,
1178 3897 1248 3950 quae
1265 3884 1340 3936 ducit
1360 3895 1378 3935 e
1399 3881 1492 3950 eilgal
1507 3883 1543 3936 ad

281 3959 285 3963 ¹
492 3978 737 4030 carmelmontem.
760 3977 964 4046 Otiosuels,
987 3979 1171 4044 18.11Regg.
1190 3981 1217 4044 4,
1235 3977 1261 4028 8.

353 4070 389 4122 V.
402 4072 446 4123 99.
460 4069 532 4120 Edit.
549 4071 671 4121 Veneta:

369 4172 371 4177 ·
515 4162 551 4211 Et
566 4162 648 4225 longo
660 4173 799 4212 nemomm
815 4164 907 4213 tractu
920 4158 992 4227 juga
1003 4164 1109 4213 consite
1127 4155 1227 4212 olivis.¹

354 4249 390 4304 V.
403 4253 464 4308 111.
479 4253 652 4304 Lucensis
673 4265 759 4304 cura
778 4255 796 4313 i,
814 4268 839 4304 e.
864 4268 931 4306 eura
946 4258 1047 4306 Lucae.
1069 4255 1202 4317 Lucas,
1228 4255 1325 4302 auctor
1337 4251 1412 4301 tertii
1429 4250 1543 4302 Even-

491 4344 582 4410 golii
608 4347 637 4393 et
664 4347 736 4394 Aett.
767 4348 873 4413 apost,
894 4347 1008 4412 insignis
1027 4346 1115 4408 pictor
1131 4343 1220 4393 fertur
1234 4331 1320 4394 fuisse
1334 4343 1459 4405 (Niceph.
1476 4343 1540 4391 hist.

492 4437 592 4486 eccles.
610 4435 657 4486 lib.
671 4438 698 4501 6,
712 4449 737 4485 c.
754 4439 810 4499 16),
818 4450 961 4502 quaerero
969 4451 1015 4487 res
1026 4450 1080 4486 non
1092 4436 1358 4497 omnibusprobatur.
1374 4433 1416 4483 Cf.
1433 4433 1484 4483 Mo
1493 4435 1544 4482 nt-

491 4529 660 4582 fauoonii
675 4529 817 4594 Palaeogr.
833 4543 860 4591 p.
875 4532 919 4580 21.
936 4530 1006 4580 Sixti
1016 4529 1144 4580 Senensis
1156 4529 1277 4578 biblioth.
1292 4527 1340 4576 lib.
1358 4527 1384 4576 1.

352 4622 387 4672 v.
400 4623 460 4674 ns.
477 4623 593 4689 Titan,
611 4621 777 4692 Hyperionis
791 4622 872 4688 filius,
888 4621 934 4684 qui
945 4621 1046 4686 possim
1058 4632 1108 4684 pro
1121 4619 1185 4673 Sole
1194 4619 1313 4684 ponitur.
1324 4616 1419 4669 nunu.
1426 4618 1453 4682 1,
1463 4615 1544 4683 1,5⁰.
