3634 5667
456 1229 801 1387 nunu
853 1140 1325 1376 unimus.

701 1641 1133 1716 ARGUMENTUM.

321 1824 445 1879 nemon
465 1822 557 1880 livore
584 1825 709 1877 concmos
738 1827 841 1880 bellum
875 1830 1011 1881 adversm
1038 1827 1135 1880 iesum
1161 1827 1283 1883 nolitne.
1324 1829 1522 1894 Speculatores

355 1929 477 1985 lemures
492 1928 607 1982 mentIto
624 1929 719 1980 latito
735 1929 874 1982 Nazareth
890 1933 1111 1994 praemittuntur.
1131 1931 1353 1995 ,arnoustrium
1368 1933 1524 1984 instituitur

356 2033 388 2088 iu
403 2033 527 2085 Perside.
563 2033 595 2084 ln
611 2037 749 2086 conventu
770 2039 889 2086 matrum
913 2039 1060 2100 praesente
1082 2033 1199 2100 Virgine
1222 2035 1346 2087 Daemon
1363 2036 1525 2098 explorator

358 2137 506 2204 detegitur.
541 2136 664 2200 Deipsra
681 2139 716 2188 ab
734 2139 841 2204 angeio
859 2143 1002 2207 monetur,
1021 2141 1052 2188 nt
1067 2139 1182 2189 secedat
1199 2150 1261 2188 cnm
1277 2151 1363 2202 puero
1381 2139 1410 2189 in
1428 2139 1526 2190 ‹leser-

358 2243 419 2292 tum
435 2240 461 2291 (1.
486 2239 602 2292 loannis
618 2241 769 2304 Baptistae.
805 2239 904 2292 Castra
920 2241 1029 2292 interna
1045 2241 1074 2292 lu
1090 2244 1197 2293 montes
1214 2241 1328 2293 Abarim
1346 2241 1525 2306 descendunt,

357 2347 445 2408 atquo
466 2343 507 2396 toi
530 2343 593 2397 rixa
609 2347 709 2396 exorta
730 2355 796 2396 mox
818 2343 910 2396 classe
935 2347 1021 2397 atres
1045 2345 1207 2397 memorum
1233 2346 1347 2408 delapsa
1371 2342 1526 2395 bacchanal

358 2447 525 2504 celebratur.

422 2650 552 2757 Qualis
576 2654 784 2729 formosum
806 2655 916 2730 nivea
940 2657 1084 2733 corrice
1110 2657 1298 2745 catellum,

322 2777 503 2892 Vliglssw
527 2778 568 2849 in
593 2778 735 2878 gremio
760 2778 932 2852 manibus
958 2803 1069 2880 quem
1095 2779 1208 2851 comit
1234 2775 1383 2849 eburnis

324 2898 525 2989 Foemina,
551 2899 607 2970 sic
630 2899 803 2971 meritum
827 2923 986 2972 cernens
1012 2898 1114 2972 dolet
1138 2896 1301 2988 invidus,
1327 2920 1393 2970 ore

326 3016 561 3115 Allatratque
586 3017 671 3088 rudi
695 3017 813 3116 turpis
838 3017 1067 3117 quandoque
1094 3016 1290 3106 molossus,

324 3138 493 3212 Dilectus
519 3134 691 3210 dominae
716 3135 780 3207 illc
807 3137 938 3228 etiam,
964 3162 1049 3209 cum
1074 3135 1254 3208 candidus
1280 3135 1370 3208 olim
1505 3150 1529 3218 5

325 3265 376 3334 Et
399 3277 507 3333 tener
532 3274 569 3330 et
593 3253 754 3329 blandus
779 3254 913 3345 iuerat,
939 3281 1039 3328 nunc
1064 3256 1210 3331 vincula
1234 3254 1333 3329 collo

191 3464 192 3471 ἵ
244 3449 248 3454 ,
327 3383 548 3457 Gestantem
573 3376 783 3450 absterrent
805 3377 964 3469 mensis,
991 3395 1028 3450 et
1052 3377 1220 3480 postibus
1246 3391 1395 3450 arcent:

327 3500 437 3575 Haud
463 3501 571 3572 aliter
594 3502 753 3571 Puerum
780 3498 983 3572 coelestem
1006 3498 1092 3571 dum
1119 3497 1216 3571 ridet
1241 3496 1358 3570 hostis

328 3622 509 3710 luridus,
536 3621 617 3720 ipse
642 3619 753 3692 etiam
780 3620 988 3719 quondam,
1014 3614 1097 3692 cuni
1124 3617 1276 3718 degeret
1299 3617 1419 3708 astris,

328 3744 513 3817 Delicium
539 3740 650 3831 coeli,
675 3740 808 3840 cingit,
834 3757 1008 3840 totusque
1031 3765 1174 3813 ueneno
1485 3752 1533 3819 10

328 3864 491 3939 Livescit
513 3863 645 3953 miser,
671 3878 709 3934 et
733 3879 921 3962 postesse
945 3875 1068 3934 versat
1092 3859 1131 3930 in
1157 3884 1301 3948 omnes,

331 3983 500 4057 Laedere
527 3983 560 4056 si
583 4000 753 4054 tenerum
777 3999 911 4081 queat,
939 3999 1049 4081 atque
1076 3980 1270 4054 absumere
1295 3978 1409 4050 letho.

333 4107 432 4206 Quin
458 4104 568 4176 etiam
593 4102 721 4174 infelix
743 4100 849 4199 jubet
872 4128 976 4174 arma
1001 4127 1198 4202 capessere
1222 4098 1351 4199 vulgus

334 4226 580 4312 Taenarium,
607 4241 717 4322 atque
746 4224 879 4294 iterum
905 4222 1047 4322 superis
1074 4221 1238 4293 indicere
1265 4218 1386 4294 bellat

332 4439 368 4491 V.
390 4442 432 4496 ii.
452 4435 683 4489 Taenarium.
719 4437 799 4497 apuu
816 4440 985 4500 Taenarum,
1018 4433 1232 4499 promontorium
1252 4430 1393 4481 Laconiae
1419 4429 1462 4488 (in
1487 4440 1537 4478 ex-

438 4535 527 4581 trema
544 4531 732 4593 Peloponneso
755 4531 898 4582 meridiem
919 4529 1030 4586 versus)
1053 4528 1112 4578 orci
1136 4526 1263 4576 introitus
1290 4535 1352 4574 esse
1370 4522 1529 4584 putabatur.

441 4625 535 4689 ltaque
553 4624 706 4675 tacuamm
723 4623 822 4689 vulgus
840 4623 912 4673 idern
931 4621 1022 4685 valet,
1047 4624 1130 4686 atque
1141 4619 1257 4670 inierim
1274 4618 1337 4668 sire
1349 4615 1407 4666 orci
1424 4613 1535 4680 vulgus.
