3634 5667
346 582 394 659 43
827 563 1069 649 ureae
1107 565 1166 636 111.

347 769 430 869 Quo
454 763 591 864 gemitu
616 786 822 837 concussae
846 759 962 852 uliae,
987 758 1182 861 luctusque
1207 775 1357 834 secutus

346 891 503 987 Ingens3
529 882 725 957 foemineis
747 899 902 955 resonat
924 907 1055 955 nemus
1080 908 1191 956 omne
1218 879 1393 981 querelis.

442 1007 494 1079 At
517 1004 662 1078 medios
685 1006 782 1076 inter
805 1002 973 1105 ploratus
1000 1020 1135 1075 cuncta
1161 1002 1343 1077 scelestus
1472 1013 1546 1083 250

342 1126 409 1199 Ille
436 1125 647 1226 explorator
670 1126 810 1224 stygius
836 1142 978 1199 terrore
1006 1139 1161 1225 repente

341 1245 591 1344 Ridiculoque
616 1263 717 1318 metu
739 1244 916 1347 implerit.
964 1247 1062 1318 Nam
1086 1241 1235 1316 sederat
1259 1243 1379 1317 herba

341 1369 427 1467 Ipse
451 1365 562 1438 etiam
587 1366 627 1437 in
651 1364 759 1439 viridi
782 1366 933 1467 lugens,
960 1368 1158 1468 spissoque
1183 1364 1370 1464 nigroque

343 1486 394 1558 Se
419 1483 615 1558 abdiderat
637 1513 783 1587 panno,
807 1487 938 1562 viduae
966 1513 1033 1562 ore
1057 1485 1260 1585 habituque
1286 1487 1526 1577 Phenennae,

341 1609 576 1707 Ereptosque
600 1599 673 1681 sihi
696 1609 863 1707 geminos
886 1607 1031 1680 ululare
1055 1626 1213 1710 nepotes
1468 1622 1542 1690 235

343 1725 573 1802 Gonabaturs
599 1746 753 1828 eratque
778 1728 873 1803 adeo
899 1729 981 1802 sine
1003 1755 1107 1802 more
1133 1728 1323 1832 modoque

341 1849 530 1946 Expresso
554 1847 592 1919 in
616 1848 719 1920 luctu
745 1847 947 1939 deformis,
968 1866 1010 1922 ut
1033 1851 1116 1951 ipsa
1141 1849 1350 1923 modestum

280 1978 283 1993 '
343 1968 564 2066 Quanquam
590 1968 793 2042 dissimulet
815 1970 936 2060 uultu,
959 1969 1037 2062 vix,
1064 1969 1200 2061 oredo,
1225 1986 1372 2042 teneret

343 2086 523 2184 (Conscia
548 2087 687 2189 quippe
713 2089 810 2189 doli)
831 2091 949 2190 Virgo
973 2091 1223 2192 pulcherrima
1246 2090 1374 2163 risum.

340 2209 513 2307 Namque
537 2224 693 2308 utraque
717 2237 829 2282 manu
853 2211 1107 2312 complectens
1127 2229 1298 2312 tempora
1312 2207 1441 2298 labris,
1468 2216 1542 2294 240

340 2327 506 2401 Barbula
531 2331 648 2427 queis
661 2332 805 2422 inerat,
840 2332 976 2406 misere
1000 2332 1089 2404 hine
1113 2348 1225 2430 atque
1250 2329 1338 2402 inde
1362 2328 1542 2420 reductis,

343 2449 606 2552 singultusque
632 2452 782 2526 trahens
808 2450 983 2543 crebros,
1008 2452 1108 2526 velut
1128 2450 1243 2522 antlia
1267 2449 1390 2545 sicca3

340 2573 419 2645 Hos
446 2571 610 2646 frontem
633 2597 816 2675 caperans
842 2572 942 2650 vultu
966 2572 1125 2671 lugentis
1152 2597 1329 2662 amarum,

339 2692 485 2766 Perfida
508 2695 626 2795 turpis
652 2722 744 2770 anus
770 2716 922 2796 questus
948 2697 1080 2770 dahats
1105 2693 1166 2766 Ah
1187 2692 1362 2767 miseram
1385 2692 1465 2764 mel

340 2813 402 2884 Ah
425 2840 534 2890 meus
556 2836 705 2918 ereptus
730 2818 809 2891 feto
833 2818 1062 2892 Nehemillus
1089 2814 1246 2906 acerbo,⁴
1467 2819 1539 2898 att

342 2933 409 3006 Cui
432 2934 528 3008 furvi
551 2936 692 3026 omnes,
724 2937 917 3037 uultusque
936 2937 1109 3038 oculique
1130 2935 1279 3036 nigelli,

295 3082 298 3089 ·
340 3052 533 3126 Necdum
561 3055 672 3126 etiam
698 3057 812 3128 exerti
837 3057 1041 3156 unguiculi!
1067 3058 1177 3128 Nune
1201 3056 1337 3129 viveret
1361 3051 1424 3125 ille
1431 3078 1444 3146 3

340 3176 389 3245 Et
406 3173 529 3245 lassae
555 3177 685 3247 aetatis
711 3175 871 3248 fulcrum
895 3203 1045 3277 quoque
1069 3177 1206 3248 viveret
1229 3173 1371 3264 Abner,

340 3297 466 3386 Eheu,
493 3321 604 3396 quem
627 3295 768 3395 pariter
791 3296 901 3370 lictor
925 3289 1183 3370 mihi'sustulit
1208 3299 1316 3369 ense!

339 3419 445 3489 Eheu
470 3442 530 3489 me
560 3419 735 3493 miseram
758 3418 914 3518 geminis
939 3416 1162 3493 lactentibus
1188 3413 1337 3488 orbem!
1396 3463 1401 3472 ·
1465 3421 1538 3492 250

340 3538 441 3628 Heu,
464 3563 542 3610 non
565 3565 677 3638 posse
703 3540 816 3626 mori,
842 3565 976 3640 meque
1001 3541 1057 3613 his
1084 3534 1272 3610 exsolvere
1300 3531 1417 3608 euris!

342 3659 462 3731 Causa
485 3659 573 3733 mali
595 3660 690 3732 tanti
715 3663 810 3732 Puer
834 3660 909 3734 ille.
959 3661 1028 3734 Hic
1053 3659 1178 3732 indice
1202 3659 1327 3730 Jesum

340 3778 480 3850 Lurida
504 3780 696 3877 signabet3
721 3779 788 3852 sed
814 3779 942 3853 clauso
967 3796 1113 3879 gutture
1136 3805 1266 3854 rocem

340 3895 463 3971 Edere
488 3925 564 3973 non
589 3917 746 4001 poterat.
796 3900 1056 3999 Nequioquem
1080 3917 1250 4000 tempora
1275 3915 1458 3997 quassans

340 4020 533 4094 Eluotatur
557 4021 647 4112 iter,
673 4019 783 4095 veluti
808 4020 873 4119 qui
896 4020 1067 4095 faucibus
1094 4020 1208 4094 aretis
1464 4023 1539 4094 255

341 4338 377 4390 V.
402 4340 464 4392 231.
490 4338 656 4405 Stygius.
682 4336 741 4389 Cir.
768 4337 817 4404 111,
840 4341 902 4394 112.

341 4430 377 4482 V.
400 4433 461 4484 241.
478 4432 572 4484 Editio
594 4432 693 4485 venet.
708 4445 758 4496 pro
781 4433 923 4486 misere
945 4433 964 4487 l.
989 4433 1084 4486 tocie.

342 4542 377 4594 V.
395 4545 457 4596 24⁷.
479 4545 551 4596 Edit.
573 4545 695 4597 Veneta:

508 4637 767 4700 cutnoudumpro:
782 4649 846 4690 aer
861 4641 940 4690 dum
956 4639 1083 4691 ettam.
