3634 5667
731 597 975 673 LIBER
1022 597 1051 674 1.-

315 793 506 896 increpuit
530 771 638 866 dictis
663 811 772 894 pater
794 793 974 866 Ammon:
1000 793 1060 866 0h
1084 791 1174 894 quid
1197 793 1350 886 inertes,
1470 819 1473 826 ’

284 983 294 996 ,
315 919 367 990 Ut
390 917 496 1016 pasti
514 917 705 1015 saturique
728 915 843 990 hoves
868 915 909 988 in
934 915 1111 988 stramine
1136 914 1221 1008 fusi,

238 1059 248 1082 =
315 1037 499 1127 Tamdiu,
525 1039 597 1128 ait,
623 1063 758 1138 segnes
782 1037 895 1110 horas
923 1033 1166 1110 consumitis?
1191 1037 1247 1109 io!
1446 1053 1517 1123 575

315 1161 432 1232 Macti
458 1159 611 1251 animis,
636 1160 769 1262 pueri,
795 1157 945 1230 detersa
963 1156 1160 1247 oscedine,
1186 1157 1288 1248 ludo,

315 1281 415 1351 Dum
432 1297 562 1370 vacat,
584 1283 658 1356 hoc
674 1282 859 1381 reliquum
875 1278 1059 1352 traducite
1067 1306 1080 1373 3
1107 1303 1235 1384 surge,
1262 1305 1350 1379 nge,
1375 1281 1519 1374 haban,

318 1401 457 1500 Surge,
482 1402 572 1476 Joas
598 1404 723 1505 piger,
748 1403 861 1475 heus!
888 1401 983 1474 ohe!
1006 1399 1124 1472 Simul
1148 1400 1252 1474 Abra
1275 1401 1419 1502 puellas

315 1526 427 1594 Parte
453 1523 527 1596 alin
540 1526 703 1616 hortari,
725 1543 837 1625 atque
863 1547 1012 1594 omnem
1036 1519 1202 1620 undique
1218 1548 1353 1622 cogere
1372 1523 1521 1626 pubem,

315 1646 478 1716 Nomine
505 1671 692 1746 quamque
715 1662 877 1719 vocans:
901 1642 1049 1734 Esther,
1077 1642 1281 1736 Sulamitis,
1306 1646 1420 1739 Elisa,
1448 1661 1520 1733 380

314 1766 379 1838 Ad
403 1766 552 1843 ludumz
576 1767 666 1840 ludo
690 1763 941 1868 pulcherrima
963 1765 1130 1862 praemia
1154 1765 1296 1857 victrix,

317 1886 424 1985 Quae
449 1889 572 1961 socias
596 1888 756 1989 pedibus
781 1885 1026 1987 praeverterit
1051 1886 1210 1987 optima,
1235 1886 1400 1962 habebit.

317 2007 504 2081 Continuo
530 2009 702 2082 succensi
725 2007 862 2098 animi,
887 2022 1000 2106 atquc
1027 2025 1174 2080 arrecta
1202 2008 1383 2108 juventus.
1466 2077 1470 2084 .

316 2128 534 2202 Convenere
560 2156 702 2203 omues.
753 2127 913 2200 Tumulo
940 2127 1115 2200 Susanna
1137 2130 1270 2204 uirenti

313 2250 700 2352 Explicuitmanihus
724 2250 869 2339 velum,
896 2249 999 2348 quod
1022 2249 1178 2367 miserat
1202 2251 1301 2326 alma
1447 2269 1518 2341 585

313 2373 535 2467 Parthenis,
559 2376 775 2447 hesternum
799 2394 944 2448 munus.
996 2374 1100 2470 Quae
1120 2373 1270 2468 vicerit,
1297 2373 1430 2474 inquit,

312 2493 398 2566 Hoc
423 2493 565 2566 Mariae
591 2495 705 2596 peplo
730 2495 854 2592 cingat
880 2489 952 2563 sihi
976 2509 1168 2592 tempora,
1194 2492 1263 2564 sed
1286 2493 1375 2567 dein

313 2613 502 2685 Restituat
525 2634 614 2715 post
637 2635 715 2688 tres
740 2614 840 2686 soles
865 2637 1033 2705 memor,
1060 2629 1171 2712 atquc
1197 2639 1368 2688 rosarum

313 2734 425 2806 Dona
452 2733 551 2808 dabo
577 2738 759 2808 innexam:
774 2733 924 2835 philyra
947 2732 1127 2834 violisque
1154 2760 1345 2810 coronam.

313 2854 407 2925 Inde
432 2853 562 2951 alium,
588 2857 761 2955 juvenes,
788 2854 917 2926 ludum
943 2853 1181 2930 celebrabitis
1187 2884 1200 2952 3
1227 2857 1308 2958 ipse
1428 2867 1518 2946 '390

313 2977 507 3071 Praemia,
534 2978 749 3073 sitiones,
773 2975 907 3088 victori
932 2976 1070 3074 poeula
1095 3003 1224 3074 servo,

312 3095 455 3168 Pocula
479 3097 593 3196 plena
615 3121 733 3171 mero.
783 3097 1003 3170 Praecedite
1029 3100 1121 3196 rite,
1148 3100 1311 3200 puellae.

311 3217 381 3286 His
408 3215 517 3289 dictis
546 3219 663 3290 festus
689 3219 854 3291 sublatus
881 3218 1024 3290 clamor
1051 3219 1100 3292 ad
1127 3247 1250 3316 auraS,

313 3336 552 3435 injectusque
576 3338 715 3411 alacris
740 3340 845 3412 furor
857 3390 871 3434 ,
897 3357 936 3412 et
960 3365 1056 3433 nora
1081 3340 1215 3439 gaudia
1241 3341 1396 3418 cunctis.

414 3459 562 3530 Pratum
590 3478 689 3555 erat,
717 3478 756 3533 et
779 3460 911 3534 salices
937 3457 1034 3533 inter
1055 3460 1274 3560 longissima
1297 3463 1379 3538 risu
1447 3477 1517 3549 595

314 3574 457 3647 Semita
480 3576 557 3649 lata
580 3585 724 3677 virens,
748 3582 935 3682 longeque
962 3598 1088 3655 erecta
1114 3583 1182 3654 sub
1210 3607 1318 3656 auras

317 3695 506 3770 Silvestris
532 3718 680 3795 morus,
707 3703 768 3774 cui
793 3710 894 3801 quae*
914 3703 1018 3802 prior
1044 3702 1173 3776 oscula
1197 3702 1329 3800 ferret,

309 3818 440 3915 Atque
466 3822 761 3899 manuviridem
783 3849 928 3896 ramum
954 3822 1164 3916 divelleret,
1189 3823 1254 3896 illa
1334 3893 1337 3898 .

314 3936 400 4034 (Sic
426 3943 607 4041 statuunt)
633 3969 784 4016 roseum
809 3961 949 4016 sertum
974 3963 1013 4020 et
1037 3944 1204 4018 velamen
1230 3943 1396 4018 haberet.

310 4061 414 4156 Ergo
441 4059 535 4132 locis
559 4064 700 4162 pariter
726 4066 845 4167 captis
870 4065 1062 4166 Alphacus
1086 4067 1252 4164 utrisque
1333 4085 1335 4090 ’
1443 4073 1515 4150 400

310 4181 505 4252 Percussis
531 4183 703 4256 manibus
730 4187 877 4286 signum
902 4187 1015 4260 dedit.
1066 4187 1172 4260 Ilicet
1198 4212 1327 4260 omnes
1354 4185 1356 4188 ’

309 4298 503 4398 Effugiunt
526 4304 654 4377 nimbo
681 4307 842 4404 similes,
868 4307 1080 4408 studiisque
1104 4307 1271 4405 juventus

305 4445 732 4468 Ἢ
760 4459 764 4473 s

309 4531 347 4583 v.
369 4533 431 4587 382.
449 4534 522 4584 Edit.
539 4535 664 4590 Veneta:
683 4541 761 4601 Quae
779 4540 871 4591 soclus
890 4552 973 4592 cursu
989 4537 1084 4592 voleat
1103 4547 1304 4610 praevertere,
1318 4537 1441 4596 estruit·
1470 4589 1473 4596 .

309 4625 347 4673 v.
368 4629 430 4678 394.
448 4629 521 4678 Edit.
539 4629 718 4693 Venatum.
737 4633 881 4693 alacris
899 4634 919 4684 Ι,
939 4635 1048 4686 alacer.
1320 4645 1323 4652 '
1437 4651 1440 4658 ·

308 4716 346 4767 V.
369 4721 431 4774 396.
450 4721 522 4771 unit
541 4721 640 4773 venet,
655 4735 709 4786 nro
725 4724 801 4778 lata
818 4727 839 4775 1.
858 4725 1044 4791 utrinqne.
