3634 5667
346 566 392 632 ss
643 541 651 558 '
782 552 1023 657 uttan
1072 557 1099 629 1.

288 801 294 812 .
343 747 555 845 Virgineum
578 745 729 847 peplum
764 747 865 821 nodo
889 748 1055 849 implicat
1061 778 1073 845 3
1101 750 1218 824 altera
1241 751 1354 827 flavos

343 867 478 939 Educit
503 861 648 959 crines3
674 868 767 939 haec
793 866 955 967 denique
982 871 1133 971 corrigit
1158 873 1294 962 omnia,

318 1079 322 1087 ι
342 989 465 1084 Atque
491 985 599 1058 aliter
624 987 747 1060 crines
773 1003 811 1060 et
835 988 956 1062 velum
982 1008 1020 1062 et
1044 1009 1143 1064 serta
1164 995 1313 1092 reponit

341 1106 493 1182 Floreat
518 1131 588 1179 nec
623 1108 705 1182 linis
729 1109 831 1184 tricis
856 1112 1109 1187 muliebribus.
1159 1116 1229 1186 Ast
1253 1115 1349 1185 heu!

341 1228 422 1297 Heu
446 1225 580 1298 Daniel
598 1231 733 1318 miser!
759 1231 832 1302 heu
856 1233 1014 1305 miserae
1041 1234 1104 1332 qui
1128 1235 1294 1333 praemia
1319 1259 1440 1336 nuper
1463 1246 1535 1326 465

339 1347 556 1420 Abstuleras
580 1351 752 1423 Damari!
779 1353 887 1424 Nunc
907 1379 1017 1426 sacro
1046 1355 1206 1452 denique
1232 1353 1312 1426 velo

340 1467 496 1563 Clausa,
522 1471 619 1543 inter
636 1471 747 1545 veluti
771 1472 918 1547 nimbos
945 1493 1122 1572 argentea
1141 1473 1242 1562 luna,

339 1575 388 1662 Ut
407 1571 513 1662 ‘stetit
537 1591 575 1662 in
601 1592 724 1664 medio
749 1610 813 1665 tua
837 1594 963 1668 Judith
989 1612 1137 1694 compta
1163 1593 1376 1684 amarantis,

338 1714 386 1780 Et
410 1712 539 1784 vernis
555 1712 726 1785 redimita
747 1714 842 1787 rosis
850 1743 864 1809 5
890 1715 963 1786 heu
987 1741 1064 1786 non
1088 1731 1152 1786 tua
1176 1712 1302 1786 Judith

231 1823 234 1826 ⁴
335 1830 514 1930 Amplius,
540 1832 813 1935 heusponsum,
837 1835 911 1906 heu
926 1835 1250 1906 thalamosaversa
1266 1850 1433 1933 repente,
1461 1843 1534 1921 l70

334 1953 381 2020 Et
405 1950 510 2024 tedas
539 1979 651 2026 exosa
675 1955 787 2054 sugit,
814 1971 1023 2056 pactosque
1049 1955 1290 2053 hymenaeos,

338 2070 629 2174 conjugiumque
654 2074 800 2175 palam,
828 2093 865 2148 et
888 2090 1030 2148 veteres
1058 2074 1240 2146 detrectat
1262 2097 1419 2164 amores

309 2193 595 2293 xNequicquam
619 2213 756 2288 mater,
780 2196 1030 2296 nequicquam
1057 2209 1205 2266 caetera
1229 2193 1350 2282 turba,

332 2315 456 2412 Atque
482 2315 580 2408 aria,
609 2334 721 2416 atque
748 2342 856 2390 soror
882 2316 990 2388 dictis
1010 2314 1133 2386 lenire
1160 2312 1364 2386 furentem's

333 2433 365 2506 0
389 2451 500 2533 gnata
508 2487 521 2525 ,
546 2462 570 2509 ο
610 2437 767 2511 miserae
793 2435 923 2527 dolor,
950 2454 988 2507 et
1011 2461 1098 2536 spes
1124 2461 1217 2508 vana
1241 2437 1424 2535 parentis!
1458 2445 1531 2523 475

331 2552 439 2625 Unde
466 2554 582 2629 odia?
608 2557 707 2630 unde
732 2556 840 2630 irae?
867 2576 905 2630 et
931 2559 1054 2631 subita
1078 2557 1171 2628 hacc
1196 2557 1341 2630 insania
1366 2557 1533 2632 mentis?

330 2676 414 2774 Ipse
441 2701 567 2750 amens
593 2695 725 2779 pastor
751 2679 865 2772 flens,
892 2697 1003 2778 atque
1030 2681 1068 2750 in
1096 2703 1216 2776 genua
1241 2679 1382 2752 volutus

330 2794 494 2870 Crimina
518 2798 644 2871 scitari
670 2799 889 2892 lacrimans,
916 2799 1135 2898 veniamque
1158 2799 1316 2899 precari.

328 2917 474 3017 Aspera
500 2916 567 2990 sed
591 2921 715 3020 virgo,
743 2919 852 2994 dictis
880 2920 981 2992 haud
1003 2919 1198 3008 mollibus,
1226 2919 1302 2991 alto

330 3037 469 3109 Abuuit
493 3064 560 3111 ere
585 3041 726 3112 minare
752 3057 1004 3140 quantumque
1030 3039 1258 3111 miserrimus
1283 3037 1346 3108 ille
1455 3049 1529 3124 480

330 3157 531 3258 Obsequiis
557 3157 693 3249 ambit,
720 3177 862 3230 tantum
881 3159 949 3230 illa
974 3159 1137 3230 ferocius
1165 3175 1278 3230 arcet.

326 3280 424 3349 Dein
449 3305 556 3354 versa
582 3278 630 3352 ad
655 3297 833 3371 matrem,
860 3279 1011 3352 thalami
1033 3279 1112 3376 jam
1138 3277 1270 3349 desere
1296 3301 1404 3349 curas

328 3402 443 3492 Hinc,
469 3402 541 3492 ait,
567 3428 590 3475 ο
616 3402 792 3501 genitrix,
817 3388 1055 3498 lacrimisque
1082 3400 1219 3472 absiste
1244 3400 1390 3498 precari
1397 3426 1411 3493 3

327 3523 426 3592 Nam
449 3523 539 3594 mihi
564 3521 723 3594 Carmeli
748 3547 856 3594 sacra
881 3522 978 3594 inter
1004 3521 1165 3592 culmina
1189 3519 1316 3591 llorem

325 3643 561 3741 virgineum,
588 3659 701 3741 atque
727 3644 805 3716 aeri
830 3642 998 3714 illaesum
1025 3668 1172 3715 serrare
1197 3641 1380 3742 pudorem
1447 3647 1521 3724 485

324 3767 392 3835 Est
415 3782 558 3842 votum:
600 3763 698 3835 hanc
725 3779 865 3834 certam
892 3763 1061 3862 injiciunt
1084 3763 1174 3834 mihi
1198 3762 1321 3834 sidera
1347 3772 1524 3830 mentem.

327 4053 363 4102 v.
381 4055 443 4105 tet.
462 4053 534 4104 uuit.
552 4054 652 4106 venet.
672 4067 722 4117 pre
740 4056 803 4104 heu
819 4052 980 4102 miserae
998 4049 1016 4097 1.
1036 4048 1198 4099 immeritae.

325 4170 360 4219 V.
377 4172 439 4221 47⁰.
458 4168 530 4218 Edit.
549 4168 648 4218 venet.
668 4179 718 4229 pro
737 4169 801 4218 heu
820 4163 1003 4213 thalamus
1021 4162 1041 4216 l.
1059 4161 1257 4220 thalamusque.

323 4283 359 4329 v.
377 4283 439 4333 476.
458 4282 530 4330 Edit.
547 4280 646 4331 Veuet.
671 4292 720 4341 pro
739 4282 772 4329 et
788 4276 886 4330 subit
897 4287 916 4324 a
933 4275 1024 4325 haec
1042 4275 1061 4325 1.
1080 4273 1250 4334 subitaeque.

318 4395 353 4442 V.
374 4396 435 4446 tet.
456 4393 653 4444 carmelus
677 4393 851 4443 Palaestinae
870 4387 1085 4449 promontorium
1112 4388 1148 4437 ad
1176 4382 1319 4434 meridiem
1343 4373 1520 4429 Ptolemaidis

462 4485 540 4536 Eliae
558 4485 707 4546 prophetae
726 4483 939 4532 commoratione
970 4479 1156 4544 celebratum,
1183 4478 1211 4528 in
1229 4489 1281 4540 quo
1301 4471 1455 4534 complures
1472 4477 1520 4516 ce-

462 4589 565 4626 vernae
583 4576 772 4639 inveniuntur,
802 4574 831 4622 in
854 4585 922 4634 quas
940 4570 1015 4619 nullo
1043 4582 1096 4620 neu
1114 4574 1237 4631 tempore
1255 4562 1373 4616 solitarii
1392 4573 1423 4610 se
1440 4570 1519 4607 rece-

460 4673 564 4728 nerunt.
601 4669 684 4716 Amos
701 4669 729 4733 9,
747 4669 772 4717 t.
791 4665 908 4728 luegg.
924 4663 966 4728 18,
988 4661 1020 4712 19
1037 4675 1113 4724 seqq.
1131 4661 1156 4710 11
1169 4661 1256 4724 Regg.
1276 4659 1302 4724 2,
1321 4657 1363 4706 tt.
1382 4665 1405 4700 c.
1424 4653 1452 4716 4,
1474 4649 1516 4698 25.
