3634 5667
332 593 356 672 4
672 568 674 571 ’
782 582 1101 656 LIBERI.

334 772 597 869 Constiterant,
622 778 780 881 propius·
800 777 969 872 volitare,
995 797 1034 854 et
1060 779 1186 856 dicere
1211 776 1390 882 quiddam
1467 797 1532 876 ,55

288 948 290 959 ·
333 901 441 977 Velle
467 897 668 975 videbatur.
720 900 818 1000 Quin
840 899 936 976 ssavo
955 899 1020 974 ubi
1044 903 1183 977 vertice
1208 904 1342 1007 longos
1372 881 1376 894 .

330 1020 537 1096 Siccabant
563 1019 686 1093 crines
710 1046 780 1121 per
803 1023 969 1097 eburnea
994 1023 1093 1098 colla
1117 1023 1276 1100 fluentes

332 1142 393 1216 Ad
419 1142 538 1216 solem
562 1142 670 1218 viridi
693 1144 733 1216 in
758 1144 853 1220 clivo
872 1144 927 1226 ,de
953 1173 1057 1220 more
1082 1144 1243 1248 puellae,

328 1263 399 1339 iila
423 1289 537 1366 super
558 1287 691 1336 secura
713 1265 901 1360 humeros,
924 1294 1111 1370 supraque
1137 1266 1287 1340 volabat

330 1385 523 1474 Distentos
549 1383 671 1475 funes,
704 1388 813 1486 quasi
839 1388 965 1463 dicere
993 1390 1149 1462 nuncius
1176 1365 1309 1461 ales‘

331 1504 547 1604 Virginibus
570 1504 698 1579 vellet:
722 1508 856 1601 uvidi„
878 1537 988 1608 quam
1014 1510 1111 1584 fletis
1137 1506 1363 1609 ademptam,

232 1650 234 1653 ·
333 1624 591 1717 Vivit'adbuc,
618 1624 798 1726 vobisque
823 1629 907 1704 fero
933 1630 1056 1704 fausta
1079 1629 1205 1704 omina
1230 1640 1394 1726 cantu3“

333 1745 507 1843 Carmina
533 1745 601 1819 sod
626 1746 784 1822 volucris
809 1777 887 1823 non
913 1751 1104 1824 intellecta
1128 1749 1298 1824 canebat.
1400 1777 1406 1790 ¹

430 1869 506 1941 Has
532 1869 629 1939 inter
655 1894 763 1945 curas
784 1869 864 1970 jam
887 1873 1017 1946 tertius
1042 1871 1121 1946 ibat
1146 1869 1254 1970 aprili

330 1986 491 2059 Florifer
514 2014 654 2081 annus,
680 2008 720 2062 ei
744 2010 874 2069 exacta
897 2011 984 2093 post
1008 1993 1149 2092 frigora
1174 1990 1307 2064 bruma
1485 2006 1532 2076 65

331 2109 481 2185 vitiferi
506 2110 642 2200 colles,
669 2129 781 2222 atque
806 2113 966 2186 herbida
989 2129 1099 2215 prata
1123 2113 1310 2211 juventam

331 2230 552 2322 induerant,
576 2230 765 2331 floresque
789 2259 925 2325 novos,
951 2261 1048 2309 nova
1072 2233 1240 2332 germina
1264 2232 1399 2306 valles:

334 2351 427 2427 Cum
453 2351 619 2444 demum,
646 2370 687 2424 ut
711 2354 829 2429 visum
853 2355 1015 2455 superis,
1047 2379 1066 2425 e
1093 2379 1179 2425 rure
1208 2353 1351 2453 Canopi

332 2475 523 2547 Nazareus
548 2474 682 2564 Jonas,
708 2457 900 2574 Solymam
924 2477 989 2576 qui
1013 2475 1112 2550 forte
1139 2475 1302 2549 camelos

332 2596 514 2687 Duxerat,
541 2613 653 2696 atque
667 2596 844 2671 ..Arabum
869 2622 1032 2687 merces,
1058 2615 1099 2670 ut
1122 2623 1208 2671 vere
1235 2595 1433 2696 quotannis
1485 2610 1532 2678 70

333 2717 531 2809 Sueverat,
557 2717 597 2788 in
621 2717 783 2816 patrium
807 2715 954 2790 divertit
978 2718 1091 2792 mulio
1117 2743 1253 2819 pagum

333 2839 499 2911 Nuncius
525 2836 720 2909 incolumis
745 2837 854 2908 Pueri
879 2855 1106 2938 sanctaeque
1129 2839 1316 2916 Parentis:

333 2958 445 3032 Visus
473 2955 520 3029 ab
546 2957 729 3029 aethereis
757 2955 986 3030 descendere
1014 2958 1185 3050 sedibus,
1210 2961 1331 3060 ipsam

334 3079 446 3153 Visus
472 3095 511 3150 et
536 3103 728 3165 auroram,
752 3077 972 3178 miserisque
997 3077 1178 3152 reducere
1202 3079 1331 3151 solem.

334 3198 431 3271 Nam
453 3194 554 3270 laeta
576 3214 662 3268 ante
690 3196 782 3270 alias
805 3199 943 3272 mensis
969 3199 1174 3271 Neomenia
1195 3198 1306 3300 primi
1485 3213 1532 3277 75

335 3323 447 3393 Forte
472 3317 709 3408 recurrebat,
735 3317 914 3418 viridique
940 3320 979 3391 in
998 3321 1162 3418 gramine
1186 3320 1274 3420 pagi
1381 3399 1383 3404 ⁸

335 3440 463 3513 Turba
488 3440 610 3514 solnta
634 3465 807 3539 operum,
833 3439 1008 3532 calamis,
1035 3441 1214 3542 conisque
1239 3440 1392 3543 salignis

334 3565 383 3634 Et
408 3589 518 3636 cursu
543 3560 714 3658 ludisque
741 3561 824 3633 aliis
848 3561 991 3634 intenta
1015 3562 1182 3652 vacabat,

337 3677 428 3754 Cum
451 3682 625 3782 strepitus
650 3682 747 3752 inter
771 3706 974 3781 puerorum
1000 3701 1037 3756 et
1061 3683 1196 3782 gaudia
1220 3683 1316 3757 ruris

335 3804 452 3874 Ecce!
477 3801 608 3874 aderat
632 3801 748 3873 multo
773 3829 964 3903 respersus
990 3804 1141 3905 pulvere
1166 3821 1292 3879 vector
1486 3811 1536 3878 80

337 4036 373 4089 V.
390 4038 436 4088 68.
462 4037 589 4096 canopus
614 4038 703 4104 (nunc
727 4033 856 4097 Abnkir)
882 4038 984 4089 civitas
1006 4037 1128 4102 neganti
1157 4037 1194 4088 ad
1218 4034 1276 4086 iiiii
1311 4024 1430 4100 ostium,
1462 4031 1539 4094 quod

349 4148 353 4161 ·
463 4139 635 4203 ,canopicum
654 4122 829 4202 (amonuit
848 4122 958 4206 στόμα)
976 4143 1088 4192 vocant.
1107 4139 1176 4189 Piin.
1196 4143 1223 4203 ti,
1243 4137 1287 4204 ³1,
1307 4136 1350 4190 at.

336 4239 370 4288 V.
390 4243 433 4291 it.
453 4240 483 4292 ln
502 4254 537 4292 ea
554 4245 673 4294 Arabiae
690 4248 785 4309 parte,
814 4257 884 4308 quae
902 4230 1164 4310 saniciccium)
1184 4242 1294 4306 dialtur,
1313 4237 1342 4286 in
1361 4247 1416 4300 qua
1433 4232 1540 4285 {abaci

457 4334 552 4394 popuii
576 4336 762 4400 continentur,
791 4335 960 4406 insanum,
986 4340 1093 4401 cassia,
1120 4340 1180 4403 tus,
1217 4330 1349 4384 sardonix
1372 4337 1480 4394 gemma
1506 4327 1540 4374 et

459 4426 516 4476 alia
533 4431 690 4477 noscuntur.
727 4427 826 4479 Fascis.
846 4433 891 4496 27,
911 4433 944 4482 22
963 4443 1022 4494 sqq.
1040 4430 1113 4500 Plio-³
1130 4430 1173 4494 it,
1193 4429 1235 4480 to.

335 4526 371 4577 V.
383 4530 427 4579 tt.
445 4528 472 4576 N
478 4541 515 4579 eo
523 4543 549 4578 m
558 4544 573 4580 c
581 4532 640 4582 n-ia
657 4516 830 4600 (Νεομῄνία)
843 4533 1020 4585 novilunium.
1034 4531 1152 4582 Veteres
1165 4531 1201 4580 ad
1210 4530 1292 4579 lunas
1304 4535 1412 4578 cursum
1425 4531 1540 4570 menaea

458 4622 631 4691 dirigebant,
661 4631 690 4676 ot
712 4630 834 4689 aprino
857 4625 991 4677 novilunii
1017 4624 1061 4675 dia
1089 4635 1197 4676 memet
1222 4631 1288 4672 tuot
1313 4615 1539 4678 auspicabantur.

457 4713 568 4765 Tertull-
587 4721 651 4770 adv.
670 4721 755 4772 Marc.
767 4722 802 4789 21,
821 4721 856 4769 2⁰
