3634 5667
275 595 282 610 .
344 550 416 627 148
563 598 567 605 -
747 534 988 611 LIBER
1038 536 1133 611 vlu.

342 739 494 835 Hacque
517 735 614 807 inter
638 757 749 808 voces
773 732 1095 833 bacchantumqua
1120 736 1224 837 orgia
1249 736 1331 812 dira

259 895 263 901 ·
342 857 523 931 Paulatim
547 854 732 927 infernum
757 870 944 955 spectrum
968 879 1167 931 vanescere
1191 858 1232 931 in
1257 882 1380 951 auras,
1463 872 1534 943 235

342 982 390 1051 Et
414 977 506 1050 fatui
531 976 707 1076 languere
730 975 855 1074 ignes,
882 999 927 1046 ae
953 975 1138 1075 sulphuris
1165 996 1246 1053 ater

345 1098 483 1171 Sentiri
507 1123 617 1196 grave
642 1096 776 1168 olentis
802 1094 918 1185 odor,
945 1121 1018 1168 nox
1043 1122 1246 1197 sparsaque
1273 1099 1446 1201 Olympo.

343 1222 483 1293 Verum
508 1216 604 1289 adeo
628 1216 733 1288 furiis
760 1240 851 1314 gens
877 1240 994 1289 coeca
1018 1234 1129 1315 atque
1154 1218 1258 1291 ebria
1282 1221 1380 1312 Dite,

340 1342 553 1437 insanoque
578 1335 705 1408 furens
731 1354 875 1426 oestro,
900 1352 942 1409 ut
966 1335 1178 1410 discernere
1203 1364 1315 1414 nemo

344 1460 457 1533 Clara
479 1474 536 1530 tot
559 1455 706 1530 indiciis
730 1456 884 1556 vestigia
906 1474 1037 1558 posset
1060 1459 1207 1532 Averni.
1465 1470 1536 1547 240

343 1582 415 1651 Per
440 1595 588 1651 noctem
613 1576 810 1650 obscuram
834 1577 1008 1654 redeuntt
1035 1577 1233 1652 ululatibus
1252 1604 1339 1652 arva

343 1704 582 1800 Responeant
603 1696 734 1797 longe:
768 1700 943 1800 strepitus
969 1699 1152 1798 stygiique
1179 1700 1350 1773 cachinni

344 1819 490 1913 Auditi,
517 1842 720 1916 manesque
746 1820 844 1918 agris
870 1819 1077 1893 discurrere
1103 1819 1180 1893 risi.

343 1940 452 2011 Hunc
475 1936 605 2011 babuit
630 1937 783 2011 foedum
807 1940 992 2039 promissa
1017 1939 1210 2037 tragoedia
1234 1939 1355 2013 finem.

441 2059 493 2129 At
516 2056 591 2130 late
615 2059 655 2130 in
679 2058 838 2165 populos
865 2076 976 2158 atque
1003 2059 1114 2131 urbes
1140 2059 1240 2131 fama
1264 2059 1400 2160 vagari,
1468 2070 1538 2145 245

345 2180 549 2253 Advenisse
573 2182 694 2251 Deum
719 2179 930 2269 Samaritis,
959 2180 1021 2278 qui
1043 2180 1130 2278 juge
1154 2178 1263 2254 fessis

344 2302 489 2374 Eximat
515 2299 667 2372 lsacidis
674 2328 687 2394 3
711 2301 811 2372 hune
836 2299 939 2374 claro
963 2300 1003 2371 in
1027 2299 1164 2371 lumine
1190 2299 1306 2371 visum

345 2421 454 2495 Nube
482 2445 593 2521 super
616 2439 835 2521 poscentem
861 2445 945 2493 aras
953 2448 965 2514 3
991 2420 1076 2493 huie
1101 2420 1171 2491 rite
1196 2419 1339 2495 litatum

345 2540 449 2613 Urbe
473 2540 598 2641 pelam
623 2540 764 2635 media3
791 2540 1024 2614 sermonibus
1050 2540 1174 2613 omnia
1198 2540 1296 2639 vulgi

344 2660 495 2733 Misceri
520 2661 682 2761 magnisz
708 2660 967 2764 superomnia
997 2685 1148 2759 serpere
1172 2687 1300 2734 rumor
1473 2677 1544 2746 250

347 2780 508 2854 Nazario
533 2780 573 2852 in
596 2807 716 2883 pago,
743 2801 781 2855 et
804 2780 959 2883 pavidos
985 2780 1139 2880 implere
1165 2782 1332 2855 colonos.

349 2903 516 2974 Murmur
542 2920 643 2992 erat,
667 2902 779 3002 quale
803 2902 896 2976 illud
922 2929 1052 3004 apum,
1079 2927 1164 2974 oum
1188 2902 1346 2975 rusticus
1369 2921 1452 3003 atro

347 3020 518 3122 implevit
539 3020 689 3094 flamma
714 3023 920 3123 crepitante
945 3023 1104 3096 alvearia
1129 3020 1252 3093 fumo:

348 3143 424 3213 Aut
448 3140 571 3242 pluria
593 3140 752 3239 ingenti,
779 3142 932 3216 dirersis
957 3141 1121 3240 undique
1147 3141 1245 3229 rivis,

351 3260 444 3333 Cum
461 3278 590 3349 tumet,
616 3277 728 3358 atque
745 3255 880 3359 ingens
892 3262 986 3334 unus
996 3260 1128 3360 rapido
1147 3261 1283 3361 impete
1301 3278 1446 3361 pontes,
1473 3278 1542 3345 255

350 3385 599 3482 ingentesque
623 3381 760 3453 rebeus
784 3408 897 3455 ornos
916 3362 953 3453 it
976 3379 1144 3453 turbidus
1170 3379 1300 3454 amnis.

448 3505 551 3601 Ergo
574 3501 633 3574 bis
658 3517 863 3576 commotus
890 3502 1016 3575 senior
1041 3501 1199 3573 nutritor
1223 3500 1375 3602 Joaeph,

354 3621 536 3699 Caelestis
561 3621 670 3694 Pueri
695 3639 842 3714 custos,
867 3648 939 3723 pro
964 3619 1122 3695 Numine
1146 3619 1249 3693 laeso

354 3740 511 3815 Saucius
537 3758 575 3815 et
599 3759 785 3833 metuens,
812 3768 861 3815 ne
885 3759 1132 3815 conterranea
1156 3740 1264 3813 dictis

353 3860 547 3960 Adjiceret
570 3886 661 3960 gens
681 3861 779 3937 forte
805 3864 949 3937 animos
961 3891 974 3959 3
1001 3887 1084 3935 oum
1111 3862 1268 3960 conjuge
1284 3859 1377 3936 diva

353 3981 517 4055 Contulit
541 4000 712 4075 eventus,
737 3986 959 4084 penitusque
984 3984 1139 4056 horrore
1163 3998 1338 4080 metuque

355 4101 561 4201 Gomplcvit
585 4118 735 4177 teneros
761 4128 890 4176 sensus
899 4130 912 4197 3
937 4103 1037 4201 juvat
1057 4098 1161 4176 ocius
1186 4128 1315 4176 omnes

356 4221 560 4298 Obstruere
584 4223 726 4298 insidiis
753 4224 884 4297 aditus.
935 4222 1057 4321 thue
1084 4220 1192 4296 anxia
1215 4239 1344 4311 meter,

357 4345 398 4416 Si
422 4345 520 4417 forte
545 4346 723 4443 ingruerit
744 4360 947 4445 tempestas
970 4343 1119 4416 turbida
1142 4361 1268 4433 noctu,

358 4557 668 4622 amunta

357 4650 392 4700 v.
412 4652 473 4701 arr.
491 4647 660 4702 latetur.
678 4646 741 4714 vu,
758 4647 802 4699 ιι.
