3634 5667
487 1603 788 1845 LiBER
860 1713 1355 1847 OCTAVUS.

709 2121 1141 2199 ARGUMENTUM.

324 2314 532 2389 amanungus
547 2323 636 2375 Mune
660 2323 822 2378 adolescens
839 2325 959 2391 puellam
976 2322 1113 2394 virginem
1130 2318 1275 2374 samariae
1291 2316 1431 2372 saorltoat
1447 2319 1524 2371 Dae·

358 2426 448 2491 moni;
479 2430 508 2479 et
531 2429 648 2495 magicis
672 2430 830 2499 praestigiis
854 2443 887 2483 se
911 2430 965 2483 Dei
981 2430 1074 2483 filium
1099 2437 1266 2518 uxoremque
1292 2423 1409 2477 Selenen
1433 2423 1522 2475 Deam

345 2521 468 2598 imm
495 2532 600 2599 vulgo
609 2533 733 2596 imponit.
786 2535 907 2597 netum
929 2534 1017 2601 Virgo
1044 2538 1074 2586 et
1097 2533 1202 2595 ioseph
1229 2530 1379 2583 coelestem
1402 2528 1522 2579 Puerum

357 2640 454 2704 orant,
482 2639 514 2687 ut
536 2651 568 2689 se
584 2638 752 2691 manifestet.
796 2638 852 2689 sed
868 2636 937 2689 vere
953 2638 1066 2691 ineunte
1083 2637 1146 2688 dum
1162 2634 1292 2699 templum
1308 2634 1343 2685 de
1360 2644 1437 2685 more
1455 2632 1521 2683 ude·

356 2742 422 2808 unt,
439 2740 469 2794 in
487 2730 579 2793 reditu
591 2741 687 2792 Jesum
705 2728 841 2793 amlttth
876 2742 976 2809 Magus
1002 2741 1135 2806 impostor
1152 2739 1343 2812 samaritanos
1364 2738 1395 2791 in
1419 2736 1520 2791 silvam

358 2842 451 2913 ooglt,
469 2856 539 2909 quos
556 2844 655 2897 selene
674 2856 768 2897 amore
786 2844 830 2899 sui
848 2846 877 2896 et
892 2844 990 2909 pravis
1007 2844 1147 2897 erroribus
1163 2842 1270 2894 imbuit.

300 3063 303 3070 ,
421 3007 544 3105 Atque
561 3009 657 3081 haec
666 3011 854 3083 Nanassos
872 3008 959 3081 dum
975 3036 1061 3110 spes
1078 3024 1200 3098 tenet,
1227 3004 1397 3105 almaque
1413 3002 1521 3077 coelo

322 3128 404 3196 Lux
428 3127 578 3201 ueniens
606 3129 737 3200 animis
761 3129 940 3229 paulatim
965 3128 1116 3203 discutit
1138 3126 1320 3216 umbram,

322 3249 424 3320 Ecee
448 3247 668 3349 repentinus
692 3274 838 3321 rursum
861 3252 1079 3350 permiscuit
1103 3249 1215 3322 urbes

323 3367 489 3441 Judaeae
500 3421 512 3460 ,
539 3387 651 3468 atque
677 3394 825 3440 ornnem
847 3369 958 3443 turbo
983 3372 1194 3472 peragravit
1217 3369 1382 3455 Idumen,

230 3530 243 3547 =
323 3489 463 3564 Nubila
488 3515 605 3564 coeca
630 3487 755 3561 ferens
782 3508 819 3564 et
844 3517 966 3565 seram
992 3493 1032 3564 in
1057 3490 1183 3563 secula
1207 3506 1368 3563 noctem.
1502 3500 1522 3565 ⁵

326 3609 432 3710 Quae
456 3637 577 3713 nuper
601 3612 738 3684 Libani
761 3629 882 3704 vates,
907 3638 1078 3714 quaeque
1102 3613 1239 3712 hospes
1265 3611 1380 3683 Jonas

323 3729 440 3803 Paulo
466 3750 573 3824 ante,
600 3750 712 3833 atque
738 3734 799 3805 alii
823 3750 978 3808 uentura
1002 3732 1190 3805 horrenda
1217 3728 1414 3816 canebant,

324 3852 491 3924 Euenore
514 3871 614 3926 metu
640 3870 677 3927 et
702 3853 783 3927 diro
808 3870 952 3926 terrore
985 3853 1054 3928 sub
1077 3854 1161 3953 ipsa

325 3971 426 4043 Anni
451 3997 645 4073 supremae
669 3974 818 4047 funesta
842 3974 995 4047 exordia
1015 3973 1126 4046 lunae
1133 4000 1146 4068 3

324 4092 543 4195 Exemplum
566 4094 848 4169 memorandum
868 4095 1021 4194 ingens,
1048 4091 1138 4194 quid
1162 4090 1276 4165 foeda
1300 4087 1430 4177 libido,
1477 4100 1523 4165 10

267 4395 276 4405 ’
327 4404 364 4457 V.
397 4408 426 4460 (t.
461 4406 1327 4475 Ltoantvatesi.e.alemum.vu,1otsqq.tatsqq.
1361 4370 1370 4383 κ

538 4499 678 4562 Hospes
694 4499 820 4551 Jonas.
839 4500 901 4568 vll,
920 4502 964 4553 st.

330 4588 366 4640 V.
385 4589 428 4643 ιθ.
464 4588 537 4641 Edit.
556 4590 657 4646 venet.
675 4602 727 4656 pro
742 4591 875 4658 ingens
890 4592 961 4660 legit
978 4591 1053 4644 olim.
