3634 5667
659 585 901 704 urhun
950 632 1030 707 vn.
1347 597 1477 723 ‘131

256 832 341 907 ‘Ire
365 828 499 902 iterum
520 828 637 929 juvat,
666 844 778 929 atque
801 828 857 902 illi
876 853 919 905 se
942 828 1047 903 Beris
1072 828 1174 903 eunti

278 953 404 1048 Atque
430 974 503 1049 ego
521 951 636 1025 multa
659 976 831 1051 gemens,
857 967 896 1023 et
909 949 1052 1051 Zelphe
1068 974 1114 1023 eo
1139 948 1301 1051 denique
1318 971 1476 1031 cunctae

278 1070 442 1169 Adjungi
467 1096 616 1144 oramus
640 1072 807 1151 comites.
856 1073 937 1142 Lux
962 1069 1125 1143 crastina
1148 1071 1300 1145 tandem

280 1190 357 1264 Ore
383 1216 458 1261 uno
484 1190 637 1265 decreta
660 1190 761 1267 viae:
781 1189 895 1264 modo
921 1192 1076 1264 cesserit
1099 1191 1231 1284 imber,

281 1311 560 1411 Candidiorque
586 1311 666 1385 dies
689 1313 878 1386 madidum
903 1311 1102 1387 deterserit
1125 1313 1312 1388 Austrum,
1405 1329 1479 1403 250

277 1435 379 1530 Ergo
404 1459 562 1532 parens,
587 1433 702 1507 veteri
727 1459 772 1506 ex
796 1460 887 1508 arca
911 1432 1000 1507 dum
1024 1432 1154 1506 sedula
1178 1451 1314 1508 tostam
1352 1516 1357 1521 ,

276 1554 474 1653 Depromit
497 1554 690 1644 Cererem,
714 1579 946 1655 rugososque
973 1554 1076 1654 eligit
1098 1580 1201 1650 uras,

278 1675 381 1773 Quas
404 1676 546 1748 Mariae
571 1693 609 1747 et
632 1701 750 1775 puero
776 1675 948 1774 designat
968 1698 1146 1773 ,munera3
1173 1674 1288 1749 flebat

276 1799 531 1896 importunam
552 1796 730 1885 hiemem,
754 1794 868 1868 flebat
891 1795 972 1867 sine
995 1794 1150 1869 floribus
1174 1797 1317 1890 hortos,

277 1914 533 2017 Gulpehatque
557 1917 660 1991 nivea
685 1932 898 2015 mutataque
924 1915 1093 1989 balsama
1117 1914 1214 1993 olivo
1400 1933 1473 2004 255
1559 1930 1562 1943 '

276 2037 407 2137 Nuper
435 2038 621 2112 lthuraeo.
673 2036 793 2137 Quam
815 2037 927 2110 vellet
942 2017 1053 2110 melle
1078 2036 1265 2137 liquentes
1510 2021 1512 2030 ’

274 2158 386 2233 Nune
408 2159 547 2234 misera
571 2159 737 2234 octobris
762 2156 855 2230 licus
883 2174 921 2229 et
945 2176 1099 2232 nectare
1123 2158 1258 2259 plenos

274 2279 536 2381 Nequioquam
559 2281 708 2354 botros!
736 2278 768 2351 O
793 2292 924 2349 nostra
947 2278 1012 2351 uhi
1038 2280 1312 2380 cereapruna!

277 2399 311 2473 Ο
337 2403 475 2493 nostri,
498 2401 644 2502 ajebat,
669 2425 769 2473 nuno
793 2399 893 2471 mala
916 2398 1088 2473 rubentia
1112 2398 1227 2472 ruris!

274 2523 359 2593 Heu
384 2521 523 2623 glaeie,
546 2523 620 2594 heu
644 2521 748 2595 oanis
775 2520 969 2594 horrentia
993 2535 1129 2593 cuncta
1152 2520 1313 2619 pruinis!
1400 2533 1472 2603 260

374 2642 502 2716 Audiit
525 2643 620 2715 haee
641 2644 752 2716 Pater
777 2641 1012 2741 omnipotens
1039 2638 1087 2743 de
1111 2640 1249 2747 vertice
1276 2641 1440 2751 Olprnpi,
1545 2676 1553 2705 ι
1607 2718 1614 2723 ,

277 2761 345 2835 Cui
368 2764 533 2863 Zephyri
558 2780 712 2866 parent,
736 2762 796 2835 oui
819 2787 902 2852 rer,
929 2761 989 2834 uui
1009 2759 1170 2862 pomifer
1196 2787 1314 2834 annus

272 2883 483 2982 Arrisitque
506 2884 648 2975 honus,
680 2909 860 2984 spemque
886 2908 1036 2957 omnem
1061 2897 1099 2954 et
1121 2907 1277 2987 munera
1301 2884 1399 2975 vicit,

272 3005 478 3104 Improvisa
494 3022 648 3105 repente
673 3004 800 3077 ferens
824 3002 1069 3103 mirandaque
1094 3001 1205 3075 dona.

273 3126 445 3223 Namque
469 3125 535 3198 ubi
550 3127 671 3226 prima
695 3125 785 3226 polo
810 3124 970 3209 rubuere
996 3122 1217 3225 crepuscula
1240 3123 1348 3218 lucis,
1400 3137 1496 3207 265·

273 3248 306 3316 E
332 3246 487 3346 specula
512 3265 623 3349 eaput
644 3248 828 3348 impexum
853 3247 1044 3348 caprarius
1067 3245 1190 3319 Aleon
1245 3348 1248 3353 ¹
1282 3348 1284 3355 Ι
1332 3228 1335 3234 ’

274 3366 450 3456 Protulit,
475 3367 678 3443 observans
703 3384 832 3442 ventos
858 3387 896 3440 et
920 3366 1047 3440 nubila
1073 3367 1182 3471 ooeli,

273 3485 513 3589 Sublatisqne
539 3505 645 3561 tuens
672 3488 789 3562 oeulis
813 3466 895 3561 sine
920 3487 1079 3562 nnhihus
1106 3512 1232 3588 axem:
1355 3574 1359 3583 ι

270 3608 379 3682 Bella
405 3608 505 3700 dies,
531 3609 670 3708 inquit,
697 3610 833 3683 nostris
858 3608 1102 3683 accommoda
1125 3608 1239 3681 votis!

274 3728 355 3802 Oh!
382 3730 465 3828 quis
490 3730 585 3803 odor
609 3730 721 3804 veluti
745 3731 896 3807 florum!
921 3732 1090 3831 vitisque
1102 3729 1283 3803 tenellae!
1399 3738 1475 3807 2701

271 3850 389 3921 Hem!
415 3849 545 3925 flores!
570 3850 682 3925 flores
707 3869 745 3924 et
768 3855 900 3956 poma!
926 3852 1116 3953 Alphaee,
1142 3852 1346 3937 Manasses,

273 3968 467 4059 Zamhris,
492 3971 547 4043 io!
574 3971 746 4064 Simeon,
770 3999 842 4049 ura-
865 3992 904 4049 et
926 3973 1113 4047 narcissus
1137 3970 1177 4044 in
1201 3972 1327 4047 horto,

272 4200 309 4252 V.
329 4202 391 4252 252.
411 4199 535 4252 ceres.
552 4201 603 4268 IV,
622 4204 684 4258 414.

272 4293 310 4345 V.
329 4296 391 4345 2⁵6.
411 4294 618 4346 lthuraens.
635 4295 673 4362 V,
691 4297 754 4349 481.

272 4382 309 4434 V.
330 4386 391 4435 2³⁷.
411 4384 483 4434 Edit.
503 4385 602 4437 venet.
622 4400 672 4451 pro
690 4390 831 4441 misera
846 4389 916 4457 {egil
933 4381 1036 4456 ntique

238 4482 242 4487 ·
270 4476 309 4527 V.
328 4479 390 4531 268.
408 4478 482 4530 Edit.
501 4477 630 4532 Veneto:¹

483 4572 658 4638 §oblatisque
676 4574 765 4627 oeulis
781 4565 909 4627 innnuen
926 4578 958 4625 ut
973 4573 1044 4625 vidit
1062 4574 1210 4638 olympum

481 4658 607 4728 Undique
627 4667 760 4731 egelidam
777 4668 864 4717 sensit
881 4668 916 4717 de
934 4667 1071 4718 montibus
1089 4680 1186 4719 auram
1325 4740 1326 4743 Ἰ

267 4752 304 4804 V.
325 4756 393 4807 πο.
405 4755 478 4807 Edit.
496 4769 553 4821 pro·
566 4758 731 4824 vitioque
747 4760 920 4813 tenellae
937 4758 1006 4825 legit
1023 4759 1162 4825 myrtique
1180 4759 1301 4811 recentis
1311 4751 1326 4807 Ι)

1194 4843 1271 4930 9*
