3634 5667
664 563 903 640 mauu
952 536 1074 636 vm..
1260 600 1262 607 ·
1416 581 1499 665 nt.

289 761 363 829 Per
387 756 527 831 densos
552 756 697 831 ululans
723 775 871 849 coetus,
896 783 965 859 per
987 760 1077 851 tela,
1108 788 1176 862 per
1200 766 1325 840 hastas

289 881 585 978 Praeteutosque
610 881 726 954 virum
750 880 940 979 chalybes.
994 880 1071 953 Sed
1095 886 1241 958 victima
1265 889 1367 987 virgo

290 1000 438 1069 Interea
455 1000 621 1098 jugulum
646 998 765 1074 oidtro
791 1000 924 1091 dabat,
950 1018 988 1072 et
1008 1003 1086 1075 ssuit
1110 1023 1191 1077 ater

220 1134 227 1151 ‘
288 1121 361 1189 Per
385 1118 547 1218 gladium
573 1147 700 1212 cruor,
728 1139 840 1221 atque
864 1122 1043 1204 imbutam
1063 1127 1240 1224 sauguine
1264 1148 1403 1206 terram

290 1238 365 1311 Ore
377 1239 674 1314 caneslambunt.
725 1244 952 1315 Tuncmens
971 1270 1119 1344 quoque
1136 1247 1282 1323 reddita
1302 1253 1384 1329 fidis
1410 1272 1481 1343 210
1558 1288 1562 1295 '

288 1359 502 1457 Virginibus
530 1363 662 1435 sociis:
687 1361 801 1435 ssavos
828 1363 1041 1464 discerpere
1067 1367 1201 1457 erineo,

286 1481 336 1549 Et
360 1505 488 1551 roseas
513 1481 654 1555 laniare
679 1510 814 1582 genas:
840 1484 1047 1585 ploratibus
1074 1490 1202 1561 aether

285 1602 550 1699 Lamentisque
576 1602 699 1674 forum
723 1624 833 1678 sonat
857 1632 978 1682 omno.
1028 1607 1128 1679 Heu!
1153 1611 1302 1687 territus
1329 1618 1456 1697 amens
1482 1678 1485 1687 ι
1518 1626 1530 1737 ’1

285 1721 384 1790 Ante
408 1746 537 1794 omnes
562 1748 741 1822 sponsus,
769 1729 829 1799 oui
855 1753 967 1801 caesa
982 1727 1188 1802 miserrima
1212 1755 1329 1837 nupta

256 1880 261 1888 ·
283 1840 382 1911 Ante
408 1867 492 1930 ora,
518 1842 607 1914 beu!
638 1844 789 1920 demens
815 1847 920 1921 furiis
944 1848 1165 1923 immanibus
1192 1873 1308 1949 aetus,
1409 1880 1480 1951 215

282 1961 428 2058 Perque
453 1986 564 2033 ruens
592 1964 757 2056 medios,
781 1968 921 2041 lanium
946 1970 1075 2046 stricto
1101 1996 1190 2045 ense
1215 1998 1432 2058 cruentum

285 2082 361 2152 Ter
387 2072 540 2153 conatus
565 2081 687 2175 adire,
713 2088 829 2161 saeris
855 2089 913 2163 bis
936 2108 1068 2190 terque
1092 2096 1275 2196 repulsus,

283 2202 541 2300 Nequicq'uam
567 2220 605 2273 et
626 2204 780 2301 genibus
806 2210 948 2302 nitens,
975 2211 1187 2314 aditumque
1212 2239 1413 2317 retentans,

282 2322 437 2394 Devovit
462 2322 643 2394 Samarim
669 2323 779 2416 diris,
806 2354 1017 2430 numenque
1041 2334 1243 2411 nefandum
1386 2350 1388 2355 ’

282 2440 442 2513 Horrida
467 2442 675 2515 vociferans
684 2474 697 2539 3
719 2445 847 2519 Tellus
873 2448 1094 2544 Samaraea,
1122 2456 1284 2552 dehisce,
1401 2480 1475 2551 '220

283 2556 567 2662 sacrilegosque
589 2563 686 2636 viros
712 2565 873 2639 absorbe
900 2587 1012 2669 atque
1037 2576 1150 2676 impia
1171 2595 1271 2654 tecta

281 2680 418 2777 Meque
443 2708 572 2781 super,
601 2686 801 2759 manifesta
820 2689 935 2761 Erebi
959 2718 1120 2794 namque
1146 2702 1269 2775 omina
1297 2730 1424 2801 cerno,

282 2802 411 2898 Teque
431 2804 512 2874 Deo
538 2806 702 2902 genitum
726 2808 912 2904 mentiris,
938 2814 1098 2912 perfide,
1128 2844 1244 2895 coeco

279 2922 335 2989 Ex
362 2920 460 2994 Orco
486 2923 668 3023 impostor
691 2928 857 3001 veniens.
911 2932 1017 3039 Juvat
1042 2937 1096 3008 ire
1119 2940 1189 3013 sub
1212 2944 1373 3038 umbras,

279 3040 539 3141 Incestamque
564 3044 662 3116 diem
684 3046 813 3148 fugere
837 3054 1119 3157 execrandaque
1144 3087 1262 3139 saera.
1387 3084 1470 3154 ,225

279 3156 342 3229 Sio
370 3162 440 3252 ait,
467 3177 504 3233 et
528 3162 667 3236 ferrum
693 3194 909 3244 conversum
935 3176 1140 3255 inviscera
1170 3185 1306 3288 adegit,

279 3276 466 3376 Sanguine
493 3281 584 3355 dans
606 3285 710 3386 largo
735 3289 856 3364 vitam.
907 3295 1002 3369 Huie
1031 3326 1157 3375 comes
1182 3304 1308 3381 addita
1330 3328 1470 3403 sooruS,

278 3399 381 3496 Quae
407 3401 486 3471 sine
513 3400 585 3474 fine
612 3404 725 3479 dabat
748 3414 903 3510 gemitus
911 3467 923 3505 ,
947 3420 1139 3521 complexa
1165 3448 1355 3501 cruentum

275 3519 395 3589 Notae
420 3520 579 3596 infelicis
605 3552 750 3627 corpus.
803 3536 882 3606 Nec
908 3539 1028 3609 secius
1055 3566 1181 3615 amens

274 3640 522 3737 Lymphatum
547 3644 675 3743 vulgus
701 3649 901 3743 bacchari,
929 3674 965 3729 et
990 3682 1088 3732 vooe‘
1106 3664 1205 3738 ciere
1397 3684 1467 3757 230

274 3759 350 3846 Te,
377 3758 510 3851 Satan,
538 3768 767 3868 comitesque
792 3790 875 3849 tuos
901 3800 1103 3879 manesque
1129 3787 1359 3867 tremendos:

272 3876 329 3947 Te
355 3878 463 3951 coelo
491 3882 673 3959 immerito
702 3914 912 3984 excussum,
939 3915 995 3989 te,
1022 3903 1166 3976 Numen
1195 3908 1362 4009 Olympit

270 3995 471 4070 Tesolum
496 4003 601 4078 thure
626 4024 665 4080 et
687 4014 834 4113 templis
860 4034 971 4115 atque
998 4022 1145 4096 aethere
1172 4026 1335 4129 dignum.

269 4142 690 4169 ----...,-

270 4204 306 4255 V.
326 4208 387 4257 207.
406 4209 478 4262 Edit.
497 4211 595 4265 venet.
613 4231 664 4279 pro
682 4222 747 4272 sed
763 4223 915 4277 vintima
930 4227 950 4278 l.
968 4234 999 4281 at
1014 4231 1126 4293 pallida.

269 4293 305 4343 V.
326 4298 386 4348 212.
406 4299 478 4351 EdIt.
496 4305 594 4359 venet.
613 4325 663 4373 pro
681 4315 1030 4376 ploratibua'aether
1046 4323 1065 4377 l.
1085 4330 1233 4381 exterrItus
1251 4345 1354 4403 amens.

267 4385 304 4434 V.
325 4389 375 4439 21³
395 4390 423 4440 in
440 4392 512 4446 Edit.
531 4400 629 4453 venet.
648 4418 702 4457 non
718 4407 865 4459 invenitur.

268 4474 305 4525 V.
325 4480 385 4530 219.
404 4483 578 4541 samarin.
597 4494 672 4559 VIII,
690 4501 734 4548 57.

265 4566 301 4617 V.
321 4570 373 4624 229
390 4572 420 4623 iu
435 4576 507 4628 Edit.
526 4581 625 4634 venet.
644 4588 781 4651 sequitur:

476 4670 626 4728 Taenariae
654 4679 691 4729 ad
706 4679 798 4733 lumen
814 4685 893 4736 nubis
904 4685 999 4740 'ferale
1017 4692 1139 4747 rutenus

1126 4785 1250 4866 ao*
