3634 5667
695 597 936 678 tisun
984 594 1082 671 vm.
1216 622 1263 641 ἰ
1414 607 1488 691 tta

284 801 469 875 Eventum
492 793 706 898 opperiens.
756 794 917 893 Jamque
933 792 1026 866 stria
1040 816 1259 891 summaque
1278 808 1391 890 tecta,
1416 811 1488 884 105

285 922 371 995 Jam
395 916 569 1020 speculas
594 914 695 989 infra
718 939 911 1017 supraque
938 912 1135 1013 aditusque
1158 913 1300 987 riarum

289 1044 416 1140 Atque
445 1039 541 1114 altas
565 1052 689 1110 turres
713 1035 823 1138 plebs
849 1033 1017 1134 undique
1044 1034 1162 1106 densa
1185 1035 1359 1134 tenebat,

285 1160 463 1236 Attonitis
487 1158 634 1232 inhians
660 1156 791 1231 animis
817 1154 910 1253 quid
936 1156 1075 1254 cogitet
1098 1156 1230 1251 ingens

286 1283 517 1372 Promissor,
544 1304 642 1379 quae
667 1277 763 1350 mira
787 1275 905 1368 ferat3
930 1275 1171 1376 platonisque
1197 1276 1349 1351 vetustis

283 1402 518 1492 institerant,
542 1425 756 1501 magnoque
781 1412 978 1496 gravarent
999 1397 1168 1497 pondere
1193 1423 1338 1471 ramosa
1416 1410 1489 1481 110

290 1520 384 1593 Cum
409 1520 533 1595 subito
559 1520 700 1594 effusae
725 1517 923 1591 horribiles
948 1533 1029 1589 toto
1056 1543 1122 1590 axe
1149 1518 1341 1612 tenebrae,

287 1640 536 1741 Obscuraquc
563 1666 691 1714 omnes
718 1638 910 1735 densaque
934 1636 974 1708 in
999 1654 1111 1710 nocte
1136 1639 1257 1711 relicti
1263 1667 1279 1737 3

283 1763 372 1836 Non
397 1763 525 1854 aliter,
552 1788 665 1862 quam
690 1764 723 1833 si
745 1759 880 1831 Pharia
906 1756 1064 1857 caligine
1089 1784 1239 1832 rursum
1360 1842 1361 1852 χ

285 1880 574 1981 Velleribusque
600 1900 681 1954 ater
705 1880 823 1982 piceis
850 1879 955 1978 niger
980 1878 1127 1980 ingruat
1152 1890 1228 1973 a‘e'r,

284 2003 402 2101 Inque
429 2001 527 2075 diem
550 2020 720 2076 reserent
744 2026 857 2102 grave
884 1997 1026 2075 olentes
1053 2005 1211 2075 Tartara
1236 1999 1378 2076 fauces.
1416 2015 1487 2085 115

385 2125 485 2194 Ecce
506 2139 630 2195 autem
654 2123 789 2223 procul
812 2119 1018 2221 aspiciunt,
1044 2148 1116 2223 qua
1140 2120 1305 2224 perfidus
1332 2123 1408 2199 alto
1466 2120 1469 2125 ’

286 2241 474 2342 Suggestu
500 2260 612 2343 atque
638 2270 715 2316 una
738 2242 913 2315 meretrix
932 2244 1174 2331 consederat,
1200 2242 1279 2318 illic

284 2363 470 2435 Paulatim
495 2381 646 2436 tenuem
669 2363 810 2436 nubem
836 2362 1095 2455 exalbescere,
1125 2363 1247 2463 qualis

288 2481 462 2555 Cernitur
487 2510 532 2555 ex
555 2485 631 2556 ima
654 2484 841 2558 interdum
865 2510 906 2558 se
931 2484 1064 2557 tollere
1087 2484 1203 2575 valle,

285 2604 363 2674 Aut
386 2604 514 2675 humili
540 2630 656 2704 vapor
682 2632 703 2677 e
728 2624 861 2705 stagno
886 2605 956 2677 sub
981 2605 1145 2704 vesperis
1171 2621 1304 2683 ortum.
1415 2614 1489 2686 120

284 2724 389 2797 Haec
415 2723 515 2796 lente
542 2727 691 2824 augeri,
718 2744 756 2798 et
779 2727 927 2825 magico
952 2706 1215 2827 splendescere
1241 2726 1379 2801 sensim

283 2844 439 2916 Lumine
464 2845 676 2940 multicolor
701 2864 851 2947 spectro
877 2847 977 2921 intus
1002 2846 1149 2945 turgida
1171 2847 1280 2922 miro.

283 2965 482 3036 Intonuere
506 2984 659 3068 repente
684 2966 786 3066 poli,
812 2967 922 3039 simul
947 2971 1096 3041 aethere
1122 2993 1243 3068 opaco

282 3082 436 3155 Diffissa
462 3102 519 3156 est
543 3086 701 3181 nebula,
728 3103 766 3159 et
790 3087 923 3159 turbae
947 3089 1075 3188 patulo
1102 3114 1168 3162 ore
1192 3088 1310 3162 tuenti

283 3205 378 3302 (Res
403 3205 652 3308 incredibilis)
680 3234 763 3281 cum
787 3207 925 3308 pellice
950 3208 1126 3282 terribilis
1151 3235 1217 3282 rex
1412 3218 1484 3288 12⁵

282 3326 393 3398 Nube
419 3352 509 3400 cava
534 3347 660 3429 septus
686 3329 856 3400 miranda
879 3330 920 3400 in
944 3329 1028 3402 luce
1051 3322 1216 3419 refulsit,

272 3446 428 3520 ,Arduus
455 3450 555 3520 aeria
578 3451 616 3519 in
641 3475 777 3549 magna
800 3451 1015 3551 spectabilis
1041 3450 1142 3541 aula,
1417 3443 1425 3463 ⁸
1467 3456 1477 3491 ¹

188 3657 193 3680 Ι
281 3569 452 3641 Numinis
478 3593 521 3663 os
546 3567 788 3669 habitumque
814 3596 947 3671 gerens
974 3589 1012 3644 et
1035 3570 1160 3644 ferrea
1185 3585 1335 3669 sceptra

278 3688 464 3761 Nubifero
486 3688 526 3760 in
551 3688 660 3761 solio.
708 3692 914 3793 Postquam
939 3691 1016 3765 alta
1040 3689 1189 3766 silentia
1212 3691 1328 3795 pleno

1422 2332 1428 2367 l

280 3980 315 4030 V.
336 3980 397 4032 11³.
417 3980 555 4033 Pheris.
574 3980 597 4047 1,
616 3982 643 4033 2.
681 3979 785 4035 Confer
800 3984 889 4037 Exod.
908 3987 953 4055 1⁰,
973 3987 1007 4039 tt
1025 3996 1102 4050 seqq.

278 4070 314 4121 V.
334 4073 396 4125 122.
415 4073 508 4124 tutuo
525 4072 625 4123 venet.
644 4069 759 4139 adjicit:

359 4182 363 4189 ·
490 4164 565 4214 Ecce
583 4167 676 4217 suum
694 4168 759 4217 ants
776 4167 872 4221 oculos
887 4166 979 4229 (dirae
996 4165 1140 4233 praeludis
1157 4163 1273 4221 scenae)

488 4254 661 4308 Marmoreas
677 4256 738 4327 leo,
756 4270 837 4323 quem
855 4263 991 4324 quondam
1007 4260 1099 4312 media
1116 4259 1183 4308 urbs
1200 4256 1327 4308 locarunt

488 4347 617 4415 Assyrii,
637 4360 719 4411 quom
736 4360 825 4417 regna
842 4352 907 4403 olim
925 4352 1027 4403 ditione
1045 4352 1152 4402 teneret

383 4477 387 4490 ,
489 4438 683 4507 Βαῑωαηαεοῐ,
700 4441 787 4493 rictus
805 4444 941 4507 extemplo
960 4448 988 4493 et
1004 4454 1091 4494 saxea
1108 4440 1196 4493 movit

492 4528 563 4597 Ora,
583 4532 716 4595 deditque·
730 4547 842 4601 sonum,
859 4537 1006 4600 rugituque
1024 4533 1131 4596 impulit
1149 4544 1241 4583 suras.

489 4624 549 4683 Quo
567 4625 655 4675 veluti
673 4627 752 4693 signo
770 4628 924 4678 admonitus
942 4630 986 4677 ter
1002 4626 1100 4691 mugiit
1117 4625 1220 4689 Orous,

487 4716 637 4781 Terfmota
655 4718 795 4770 lutremult
812 4719 894 4770 tellus
899 4732 909 4782 3
928 4719 1010 4769 simul
1028 4720 1141 4769 aethere
1158 4726 1249 4779 opaco·
