3634 5667
332 557 406 630 152
522 490 524 494 ἢ
752 542 1000 617 Leaen
1048 544 1144 619 vlu.

331 739 478 841 Eripuit
500 741 670 828 Puerum,
692 762 856 863 spesque
878 739 983 813 irrita
1008 742 1121 813 cessit
1144 740 1184 813 in
1209 766 1330 817 auras.
1454 758 1526 836 345

330 863 413 935 Nec
436 860 540 960 prius
565 858 722 933 advertit
745 862 878 955 Mater,
905 858 1019 961 quam
1041 861 1198 962 pristina
1223 888 1308 937 saro

211 1031 216 1044 ,
331 982 501 1080 Vespere
525 1005 631 1053 meus
656 979 779 1075 rediit,
805 1007 937 1053 somno
961 980 1061 1055 velut
1083 983 1212 1055 excita.
1261 988 1356 1057 'I'um
1380 1010 1433 1077 se,

333 1104 430 1172 Tum
455 1099 609 1174 comites
634 1101 786 1191 circum,
811 1120 849 1174 ct
867 1102 965 1174 latus
989 1102 1201 1203 hincatque
1227 1104 1313 1182 hino
1339 1106 1527 1180 desertum

332 1224 458 1323 Atque
482 1205 633 1308 manum
658 1245 811 1294 vacuam
835 1222 990 1295 coelesti
1014 1222 1169 1323 pignore
1195 1225 1322 1299 sensit.

333 1344 419 1443 Quo
443 1369 520 1415 non
544 1343 704 1440 jactatae
728 1368 852 1434 voces,
876 1344 1109 1445 repetitaque
1133 1345 1223 1417 Jesu
1455 1360 1526 1428 350

332 1463 506 1553 Nomina,
532 1488 600 1562 per
625 1488 750 1535 muros
773 1465 860 1565 pagi
884 1490 954 1565 per
981 1461 1141 1536 frondea
1164 1463 1291 1555 lustru,

332 1580 538 1682 lllataeque
563 1580 695 1656 faces?
720 1610 814 1683 quos
840 1610 917 1657 non
943 1582 1069 1655 adiere
1093 1601 1250 1683 penates

333 1703 545 1776 Moerentes
570 1703 695 1775 sociae
719 1729 789 1805 pce
814 1728 935 1804 opaca
959 1704 1106 1783 silentia
1131 1702 1281 1777 noctis-‘3

333 1821 587 1915 Semianimis,
613 1822 756 1923 lugens,
784 1841 821 1896 et
846 1841 955 1897 acuta
981 1823 1133 1925 cuspide
1161 1824 1243 1914 fixa,

331 1947 534 2044 Postquam
559 1944 632 2017 alte
649 1947 838 2045 ingruenat
853 1970 938 2019 sero
956 1944 1236 2044 expectantibus
1250 1942 1396 2034 umbus,
1452 1960 1523 2028 555

334 2065 440 2148 Orba
465 2091 532 2137 suo
557 2065 686 2138 infelix
709 2067 821 2160 Nato,
848 2082 960 2167 caput
985 2066 1107 2138 obsita
1132 2064 1226 2153 velo,

335 2184 601 2285 Singultusque
624 2188 726 2260 ciens
752 2186 853 2260 bone
875 2188 992 2287 Virgo
1017 2187 1056 2259 in
1080 2188 1181 2259 tecte
1205 2182 1372 2261 redibatt

334 2308 433 2380 'Pota
457 2308 684 2407 sequebatur
707 2308 813 2408 largo
827 2308 969 2383 uicinia
994 2307 1095 2385 fletu.

414 2430 578 2528 ¹Interea
602 2456 691 2504 vero
716 2430 908 2532 impostor,
936 2453 1047 2528 qttem
1072 2442 1238 2500 moverat
1261 2426 1380 2499 Orous

334 2545 530 2622 sidereum
553 2550 729 2625 adsensus
753 2554 912 2623 Puerum
936 2574 1003 2649 spe
1026 2549 1146 2621 laetus
1172 2546 1286 2637 inani,
1453 2556 1525 2627 360

292 2650 299 2663 ’
332 2671 451 2743 Hoste
475 2670 575 2746 velut
601 2672 710 2773 pulso
733 2670 830 2743 liber
855 2694 1063 2770 campoque
1085 2667 1236 2769 potitus,

331 2792 537 2892 Antiquam
560 2792 599 2864 in
624 2792 753 2867 silvam
776 2790 905 2891 vulgus
932 2788 1135 2862 deduxerat
1158 2787 1302 2883 ingens,

333 2912 529 3012 Agricolas
553 2913 774 2988 Sichemita's
799 2930 911 3013 atque
936 2909 1110 2999 Amridis,
1135 2930 1266 2991 omnes

333 3284 370 3351 V.
387 3286 449 3344 249.
467 3283 540 3336 aut.
557 3281 657 3333 venet
674 3282 750 3332 hlsce
766 3280 894 3332 versibus
910 3278 1094 3343 locupletatas

504 3426 506 3434 ,
541 3375 606 3427 Jam
623 3374 737 3425 comites
753 3374 862 3424 rediere
880 3384 988 3445 cmpos:
1007 3383 1071 3433 spes
1087 3366 1184 3419 ultima
1200 3375 1316 3427 namque

541 3469 620 3519 llaec
637 3469 699 3517 erat
713 3468 763 3516 hos
778 3466 851 3516 inter
868 3465 953 3517 tacite
971 3463 1125 3515 excessisse
1141 3458 1279 3511 Puellumz

542 3561 579 3620 At
595 3573 659 3623 spes
675 3570 749 3611 vana
765 3559 827 3609 fuit.

332 3682 369 3736 v.
388 3682 449 3745 ast.
466 3677 538 3736 Edit.
557 3675 656 3724 venet.
673 3675 748 3724 hisce
766 3675 864 3746 aucta:

496 3770 559 3821 lieu
576 3767 640 3830 quid
657 3759 761 3832 agenti
786 3776 839 3830 quo
856 3778 888 3816 se
904 3753 1036 3815 vertenti
1053 3775 1169 3827 namquo
1185 3762 1304 3825 undique
1319 3756 1409 3811 stellis

498 3862 631 3923 Tempore
645 3858 704 3931 jam
721 3859 804 3923 longo
822 3858 894 3910 coeli
911 3866 1036 3907 convexa
1051 3856 1205 3921 refulgent3

497 3952 557 4004 Nec
574 3952 619 4007 fas
637 3957 796 4020 nocturnum
813 3963 865 4012 per
880 3950 936 3999 iter
952 3948 1072 4013 vestigia
1089 3951 1165 3997 retro

498 4047 585 4097 Ferre
603 4056 652 4105 per
669 4045 801 4094 obscuros
819 4042 904 4092 calles
922 4054 1024 4104 perque
1043 4043 1109 4093 avla
1127 4053 1227 4099 caecet

499 4138 544 4188 lte
560 4138 658 4190 vetant
671 4136 794 4198 trepidas
810 4137 930 4200 matres,
946 4138 1095 4209 arcentque
1111 4135 1259 4185 volentem.

333 4264 369 4316 V.
389 4266 450 4316 ³⁰8.
468 4263 608 4314 Sionem
633 4248 762 4330 (sichar,
788 4247 919 4328 Σίκιμα)
943 4259 1070 4324 oppidum
1096 4261 1126 4311 in
1152 4261 1266 4327 regione
1291 4261 1528 4321 Samaritanorum

472 4358 596 4417 tenpore
618 4355 719 4407 curati
744 4360 826 4419 ceput
846 4352 988 4408 §marlae
1014 4357 1085 4414 erat,
1119 4353 1200 4405 Joau.
1217 4354 1246 4421 4,
1265 4356 1281 4404 t
1299 4366 1375 4420 seqq.
1411 4354 1525 4417 Josept.

474 4450 583 4511 antiqq.
602 4449 647 4513 11,
666 4450 692 4500 8.
707 4449 736 4500 θ.

510 4560 664 4612 anstais
687 4560 707 4610 i.
727 4572 752 4610 e.
777 4559 854 4610 urhis
871 4558 1012 4609 samariae
1035 4558 1070 4609 sb
1087 4558 1164 4609 Auri
1180 4558 1294 4619 (omri)
1317 4572 1384 4625 rego
1409 4560 1524 4615 israelis

473 4656 609 4705 conditae.
644 4653 683 4703 ΙΙΙ
698 4654 785 4719 Begg.
807 4655 849 4716 ιθ,
867 4652 902 4703 2⁹
919 4665 994 4713 seqq.
