3634 5667
339 557 386 627 20
767 557 1090 635 LIBERI.

337 747 460 844 Atque
485 769 573 820 snos
597 745 755 824 miserae
781 756 890 827 matri
915 757 1122 836 sohdueere
1147 763 1289 858 foetus,
1350 803 1366 842 ς
1393 807 1398 819 ·
1429 789 1524 858 ,515

337 867 439 963 Quos
464 865 528 940 illa
552 868 699 943 instruit
717 871 772 968 ¹ad
795 894 947 973 oantus3
975 905 1064 954 narn¹
1087 883 1221 958 deinde
1246 886 1383 964 solitus·

335 986 391 1062 Illi
416 988 527 1061 etiem
551 978 706 1089 linguis,
732 1013 846 1068 cantu
869 1006 1025 1073 nemora
1042 1005 1127 1078 aria
1150 1006 1353 1086 mulcent.“
1403 1038 1430 1062 ·=

333 1110 515 1200 Huo,‘ait,
543 1125 581 1180 et
604 1110 736 1210 positis
761 1116 860 1188 saris
885 1121 1066 1194 accedere
1090 1151 1217 1198 eoram

332 1230 585 1331 Improbulos,
611 1256 804 1334 coenoque
829 1264 958 1314 manus
986 1243 1198 1344 abstergere
1223 1249 1330 1345 jussit
1336 1281 1349 1348 3
1409 1311 1411 1318 .

330 1350 537 1451 Eduxitque
565 1351 649 1424 sinu
672 1354 745 1426 tria
767 1360 933 1456 persica,
961 1381 998 1434 et
1023 1366 1151 1439 oscula
1175 1369 1244 1441 rite
1402 1385 1406 1396 '
1439 1388 1522 1456 ⁴520

330 1474 443 1542 Ferre
468 1472 571 1572 prins
597 1473 765 1548 manibus
782 1476 945 1576 dosuit3
971 1486 1204 1586 primumque
1229 1491 1412 1582 Monaesi,

330 1595 426 1663 Tum
449 1594 652 1685 Jonathae,
676 1597 879 1698 Phineique
904 1601 1027 1677 dedite
1053 1606 1139 1680 dein
1160 1609 1237 1708 jam
1261 1611 1444 1711 fugientes

328 1715 504 1813 Acceptis
529 1714 658 1805 donis,
686 1718 840 1817 cupidos
864 1723 1084 1816 ostendere,
1103 1756 1255 1810 ¹rursum

327 1833 388 1904 Ad
412 1861 495 1906 sese
521 1841 992 1942 revocat,.prohibensque
1019 1872 1063 1917 ea
1089 1846 1236 1922 laedere
1262 1877 1399 1941 morsu,

326 1957 440 2027 Ferre
463 1957 605 2032 intaeta
628 1960 750 2058 jubet:
776 1963 919 2036 Vestris
946 1982 984 2036 et
1007 1968 1206 2060 matribus,
1231 1956 1362 2069 inquit,
1401 1990 1404 1999 “
1448 1984 1520 2054 525

326 2075 368 2146 Si
393 2103 457 2151 vos
483 2077 581 2152 forte
606 2099 759 2181 rogent,
785 2083 903 2154 Maria
928 2084 1022 2156 haee
1044 2088 1187 2160 Jesseia
1211 2090 1333 2182 nobis,
1441 2135 1445 2148 ι

322 2199 466 2294 Dicite,
493 2199 595 2274 dona
618 2203 751 2299 dedit3.
767 2204 937 2304 gravibus
962 2205 1037 2303 jem
1060 2206 1179 2279 libera
1204 2211 1302 2282 curis

320 2321 404 2395 Huc
428 2321 592 2395 reditura
617 2324 730 2398 brevi.
746 2348 757 2390 .·
784 2328 967 2399 Memores
993 2326 1066 2402 hoo
1093 2327 1226 2400 deinde
1251 2347 1396 2402 tenetes

320 2441 444 2514 Dicite
469 2444 655 2517 Juditham
679 2447 769 2518 milri
792 2449 956 2537 servent,
986 2473 1096 2546 qnam
1120 2473 1223 2522 meus
1249 2449 1375 2524 Infans
1453 2471 1457 2480 “

320 2563 410 2636 Vult
437 2567 549 2638 castis
573 2566 741 2639 thalamis
766 2568 843 2666 jam.
865 2593 965 2640 nuno
990 2568 1062 2640 sibi
1087 2568 1226 2646 nubere
1251 2569 1371 2645 Jesus.
1444 2585 1518 2652 530

319 2685 511 2759 Audistis?
536 2687 684 2760 Juditha
708 2715 792 2761 meo
817 2688 1004 2788 desponsa
1028 2689 1155 2762 Puello
1182 2706 1256 2762 est:
1333 2703 1334 2710 ’

318 2808 538 2900 Hiemem,
563 2810 679 2898 hane,
705 2807 876 2907 inquam,
916 2808 987 2881 sibi
1011 2827 1164 2910 nuptam
1189 2810 1351 2891 destinat
1373 2807 1515 2884 inians.

321 2926 398 2999 ste·
411 2929 543 3016 instat,
568 2952 781 3024 nomenque
803 2929 958 3018 iterum,
982 2944 1019 3001 et
1043 2930 1219 3002 mandata
1243 2928 1420 3028 reposcit,

316 3047 369 3119 Ut
393 3072 576 3120 memores
601 3063 767 3137 servent,
792 3047 1023 3146 recitentque
1049 3047 1205 3120 fideliter
1232 3048 1376 3142 omnia3

316 3171 366 3239 Et
389 3167 536 3268 pleesas
562 3193 694 3256 voees,
721 3191 941 3266 semesaque
968 3167 1068 3240 diota
1088 3167 1277 3240 reformat.
1440 3183 1512 3252 535

316 3289 512 3386 Tantaque
539 3288 755 3387 simplicitas
781 3306 882 3378 erat,
909 3304 951 3358 nt
975 3289 1052 3386 jam.
1076 3287 1175 3362 serre
1202 3285 1399 3366 docentem

313 3409 535 3511 Praeeupidi
559 3406 661 3482 hand
684 3425 856 3508 possent:
884 3411 937 3480 Ite
963 3409 1086 3496 ocius,
1110 3410 1180 3498 ite,
1206 3407 1331 3507 puelli.

219 3600 223 3609 ,
316 3529 430 3603 Ocius
456 3531 605 3630 exiguos
629 3555 699 3628 per
724 3528 825 3600 culta
851 3529 1006 3601 virentia
1032 3553 1178 3626 gressus

313 3649 541 3722 Accelerant
565 3649 674 3740 laeti3
700 3648 832 3748 procul
858 3666 895 3720 et
920 3647 1141 3724 clamoribus
1167 3646 1250 3720 altis

312 3771 756 3844 Donamanuostentantt
781 3764 1398 3868 Mariahaecpuleherrimadonatt
1436 3775 1509 3854 540

312 3892 565 3990 Mirantesque
593 3890 731 3996 adeunt
755 3906 911 3975 matres,
938 3889 1159 3988 gremiisque
1183 3902 1387 3986 reponunt,

310 4015 360 4083 Et
367 4014 522 4084 Mariam
536 4011 734 4110 quandam,
750 4009 928 4082 haudsihi
938 4026 1076 4097 notam,
1093 4010 1185 4080 haec
1195 4006 1350 4106 pulchra
1357 4003 1509 4080 dedisse

312 4135 479 4205 Munera.
506 4131 607 4203 Ubi?
634 4129 782 4231 qualis?
809 4126 1020 4230 quaenam?
1046 4145 1153 4225 rogat
1178 4125 1341 4224 undique
1367 4125 1508 4200 circum

310 4255 430 4327 Anxia
455 4252 574 4325 turha.
615 4252 673 4322 Illi
697 4269 816 4324 restes
844 4249 1057 4322 describere
1084 4265 1122 4320 et
1146 4273 1226 4336 ora,

311 4511 346 4564 V.
365 4513 427 4563 alt.
446 4511 517 4559 Edit.
535 4508 661 4559 Veneta:

451 4603 539 4663 Atque
557 4612 623 4649 anos
641 4591 721 4648 matii
739 4595 862 4661 pervim
880 4595 1032 4644 subducere
1051 4593 1150 4644 foetus.
1258 4652 1263 4660 ⁴

312 4695 343 4741 V.
365 4696 425 4744 526.
444 4692 599 4744 terrete
618 4692 640 4757 1,
660 4694 720 4743 tot.
