3634 5667
698 535 1047 608 uranum.
1423 550 1470 627 tt

270 738 409 838 „Quae
433 734 531 807 male
555 732 672 834 serpit
695 732 797 807 humi
820 733 995 823 sinuosa,
1017 729 1194 832 recollige
1220 734 1389 810 caudam.

273 857 442 946 „Nescio
469 853 560 953 quid
584 852 655 929 siet
676 856 771 928 honr
796 854 942 952 quoties
968 852 1156 924 mentirier
1183 878 1262 946 ora,

273 982 536 1068 „incessumre
560 977 752 1049 hominum
774 975 901 1066 libuit,
929 971 1020 1074 quid
1044 997 1191 1073 semper
1215 976 1382 1076 iniquum
1422 991 1470 1060 70
1583 991 1585 1000 ¹

272 1099 464 1189 „Fresilia
491 1114 603 1195 atque
630 1099 720 1172 Oroi
745 1095 915 1189 frustum,
942 1108 1004 1168 eut
1028 1093 1126 1167 mele
1140 1095 1279 1194 lingula
1293 1095 1473 1196 pendet.“

273 1221 397 1310 Nunc,
424 1217 554 1317 Stygii,
580 1216 653 1289 huc
677 1218 850 1307 animum,
875 1216 1023 1294 fratres.
1048 1215 1127 1288 Nos
1144 1215 1353 1318 Belphegor
1376 1216 1473 1292 istoc

273 1340 540 1441 Exploratores
562 1337 691 1428 mittit,
715 1341 780 1439 qui
803 1364 903 1412 nunc
927 1334 1119 1436 Babylone

273 1459 441 1532 Eductos
466 1457 591 1530 Erebo
615 1457 761 1557 pedites
788 1461 975 1558 equitesre
1000 1472 1173 1530 recenset

273 1580 462 1654 Adversus
486 1582 665 1669 Puerum,
691 1581 752 1654 oni
775 1598 924 1653 eentum
948 1578 1070 1652 millia
1087 1577 1187 1650 fama
1213 1594 1270 1652 est
1424 1593 1470 1662 75
1513 1669 1516 1673 ι

274 1701 468 1800 Aligerum
492 1698 603 1771 lateri
627 1698 839 1799 advigilare.
888 1704 1052 1790 Puerne,
1077 1701 1245 1788 Densus,

274 1824 481 1893 Incertnmz
518 1845 673 1919 remque
697 1822 795 1894 hano
819 1821 995 1911 scabere,
1022 1836 1059 1893 et
1082 1819 1154 1892 sibi
1181 1836 1316 1892 cuncta
1338 1819 1474 1893 referri

275 1940 459 2014 Continuo
484 1940 647 2015 mandat.
697 1942 776 2015 Vos
803 1967 892 2040 ergo
919 1941 1099 2016 advortite
1126 1957 1307 2032 mentem,

275 2061 375 2162 Quid
398 2060 575 2155 mediter,
599 2087 696 2162 quae
721 2088 763 2136 se
786 2062 946 2163 primum
972 2087 1054 2136 sors
1079 2080 1231 2163 optuma
1253 2060 1406 2162 pendat.

275 2182 479 2256 Caesorum
504 2197 561 2253 est
585 2181 698 2254 hodie
723 2183 906 2256 infantum
929 2182 992 2254 lux
1012 2208 1149 2256 annua.
1199 2182 1285 2256 Rite
1424 2198 1472 2267 80

275 2301 505 2376 Conuenient
528 2318 665 2375 matres
690 2303 730 2374 in
755 2303 903 2394 silrem,
929 2303 994 2375 uhi
1018 2306 1158 2403 cespite
1186 2302 1262 2377 lieti

274 2421 370 2494 Sunt
393 2419 524 2494 tumuli
549 2440 693 2523 septem
716 2421 937 2496 lactentum:
964 2439 1075 2523 atque
1094 2424 1167 2496 huo
1185 2449 1336 2524 quoque
1354 2441 1474 2500 mater

271 2541 455 2617 Adveniet
476 2543 584 2642 pueri
607 2544 651 2616 Je
665 2595 699 2618 ..
724 2543 829 2643 (raul
854 2541 973 2615 ferme
1000 2543 1135 2621 excidit
1160 2570 1227 2618 ore

272 2662 577 2741 Flammivomum
601 2689 757 2753 nomen,
783 2663 885 2762 quod
911 2662 1085 2764 sulphure
1111 2667 1219 2765 pejus
1244 2663 1398 2766 adurit).

273 2783 345 2854 Hic
372 2807 441 2880 ego
465 2781 658 2881 plorantes
683 2785 780 2858 inter
801 2785 1039 2859 lacrumabor
1064 2786 1199 2858 anilem
1423 2801 1469 2870 85

272 2903 315 2972 Iu
341 2901 505 3000 speciem
531 2930 639 2977 cures
666 2930 822 2995 acuens,
848 2906 1036 3005 mixtoque
1063 2905 1231 2980 dolorem

273 3021 376 3092 Folle
402 3022 525 3112 ciens,
551 3050 798 3126 epergsmque
824 3026 929 3124 ignes
956 3044 993 3100 et
1018 3027 1123 3126 nigra
1147 3052 1299 3101 venene.

273 3141 373 3231 Vos,
397 3141 505 3215 simul
529 3145 569 3216 in
593 3146 720 3245 vulgus
745 3147 925 3247 paulatim
951 3174 1101 3249 serpere
1127 3148 1224 3222 virus

275 3260 467 3361 Coeperit,
495 3267 678 3366 extemplo
703 3267 819 3340 facies
845 3270 1020 3345 assumite
1046 3286 1224 3359 matrum,

276 3381 380 3479 Quae
404 3408 562 3484 peregre
587 3388 746 3487 Aegypti
770 3388 922 3461 veniunt
946 3413 990 3458 er
1014 3388 1188 3479 urbibuS,
1216 3404 1315 3462 atros
1412 3400 1469 3472 -90

274 3503 472 3601 Appeusos
495 3530 633 3603 pueros
658 3500 761 3580 zonis
788 3509 837 3580 ed
863 3507 962 3579 eolla
987 3526 1171 3605 gerentes.

274 3624 396 3721 Atque
421 3623 475 3696 ibi
500 3624 607 3697 clade
631 3628 715 3726 pari
742 3627 844 3726 (cum
869 3629 1035 3734 Memphi
1060 3628 1212 3728 degeret
1233 3627 1356 3701 infans

275 3875 308 3926 V.
323 3878 369 3930 71.
391 3879 462 3929 Edit.
486 3879 612 3931 Veneta:
638 3881 766 3951 Prosilit,
795 3886 878 3948 atque
904 3883 1016 3949 aliquod
1037 3885 1155 3937 frustum
1179 3885 1259 3954 orei,
1291 3887 1340 3938 aut
1364 3886 1469 3954 lingula

379 3974 488 4031 pendet.

275 4062 308 4113 V.
326 4065 371 4114 tt.
391 4065 613 4129 Belpbegor
637 4078 736 4118 nomer
756 4068 823 4119 idoli
843 4067 1042 4136 Moabitarum,
1069 4070 1141 4132 quod
1164 4070 1310 4140 libidinosa
1332 4074 1362 4122 et
1389 4075 1469 4136 turpe

382 4156 533 4208 colebatur.
568 4157 649 4210 Num.
673 4163 719 4229 tl,
743 4163 759 4215 1
782 4173 842 4225 sqq.
863 4161 914 4226 ti,
945 4160 988 4212 lc.
1018 4161 1078 4212 los.
1103 4163 1148 4228 tt,
1175 4163 1218 4214 17.
1262 4163 1316 4216 ilio
1343 4168 1469 4216 satanam

379 4249 529 4312 principem
538 4251 722 4317 subintellige.

272 4336 309 4393 V.
323 4340 369 4390 tt.
382 4341 548 4404 Babylon
568 4343 750 4396 celeberrima
764 4341 830 4394 olim
853 4341 938 4396 Asiae
953 4345 1019 4396 urbs
1031 4344 1059 4398 in
1075 4344 1189 4410 regiona
1204 4348 1352 4410 campestri
1370 4347 1468 4401 Sineat

380 4433 548 4494 (Semnum)
566 4437 602 4486 ad
624 4437 856 4500 Euphratem.
991 4507 994 4512 1

275 4519 367 4573 Villi.
389 4522 583 4578 caesorum
606 4528 796 4580 infantum.
833 4525 892 4578 Gir.
911 4528 1017 4594 Evaug.
1033 4529 1128 4582 Metili.
1149 4531 1177 4597 1,
1193 4530 1297 4602 itaqu.

275 4633 309 4684 v.
322 4637 367 4688 sa.
384 4639 540 4702 mourut
566 4640 609 4691 cr.
632 4640 654 4708 r,
670 4644 716 4694 er.
