3634 5667
653 488 935 603 'claua
984 502 1080 576 vill,
1201 446 1204 453 ’
1421 520 1490 587 159
1598 606 1601 615 ὁ

295 702 395 803 Quid
419 701 602 775 scelerata
625 698 816 772 hominum
838 698 1010 789 vesania,
1035 694 1169 798 quidve
1192 697 1376 800 malignus

232 816 237 826 ’
293 823 472 896 Humanis
496 820 615 921 possit
640 820 847 921 conjunctis
870 818 1007 893 viribus
1033 820 1166 895 Orcus.

394 948 462 1015 Est
487 941 654 1014 Silonem
678 943 776 1013 inter
801 941 1080 1040 Samaraeaque
1104 939 1254 1014 moenia
1277 940 1380 1016 victu
1409 998 1411 1005 ι

294 1064 464 1135 Nominis
487 1060 636 1134 obscuri
663 1062 811 1157 Gitton3
838 1088 937 1134 nunc
962 1060 1084 1134 diruta
1109 1084 1198 1134 saxa

295 1184 502 1283 Rolliquias
528 1184 615 1283 pagi
639 1181 815 1281 lentoque
839 1182 1003 1283 jacentia
1029 1182 1170 1255 circum

298 1301 1200 1403 SQmmmmmmmfffflwmumr

296 1426 497 1513 Praeterit,
520 1442 562 1496 et
588 1423 677 1495 diris
704 1425 925 1499 sceleratum
951 1424 1104 1499 devovet
1128 1448 1270 1525 agrum.

298 1549 469 1645 Namque
494 1545 590 1617 haec
615 1536 786 1620 samonis
812 1546 954 1647 Sanghi
978 1546 1163 1619 natalibus
1188 1544 1278 1620 olim

295 1665 449 1737 infamis
474 1665 605 1760 tellus3
630 1666 795 1767 magicas
820 1668 881 1742 hic
907 1666 1069 1769 perfidus
1095 1666 1203 1757 ollas,

296 1788 478 1859 Fatifcras
506 1812 612 1860 ceras
637 1787 867 1888 infandaque
891 1787 1051 1889 plurima
1072 1788 1169 1861 tristi
1442 1801 1491 1867 20

296 1907 406 1983 Valle
431 1906 650 1979 exercebat:
674 1933 775 1981 nunc
799 1910 897 1983 illius
924 1927 962 1981 et
988 1934 1136 2009 quoque
1161 1907 1320 1982 flammis

296 2031 464 2130 Apparet
489 2029 664 2101 semiusta
688 2027 819 2103 domus
845 2029 1069 2129 defossaque
1094 2029 1180 2105 luco

297 2150 485 2250 Spelunca
508 2149 650 2249 ingenti
676 2168 713 2221 et
737 2169 870 2251 puteus
892 2152 1169 2253 penitissimas,
1196 2150 1296 2224 unde

297 2270 528 2343 Carminibus
554 2294 683 2340 manes
711 2296 847 2371 supera
872 2271 921 2343 ad
947 2296 1110 2347 convexa
1134 2272 1269 2349 ciebat

294 2391 367 2463 Hic
386 2390 594 2490 quondam,
619 2385 660 2464 ut
683 2392 901 2492 perhibent,
928 2406 1091 2464 extrema
1116 2393 1312 2469 ePersidis
1338 2417 1416 2487 ora,
1444 2404 1502 2501 25Λ
1548 2442 1550 2447 κ

294 2688 331 2740 ll.
351 2690 395 2741 12.
431 2689 523 2741 Editio
540 2690 640 2741 Venet.
659 2694 753 2743 addit:

458 2783 571 2832 Scilicet
588 2783 629 2832 ln's
647 2783 736 2834 fretus
752 2784 836 2836 vafer
852 2785 900 2837 ille
919 2787 948 2836 et
964 2778 1088 2847 proditor
1104 2782 1191 2835 iestis

459 2873 582 2925 consilia
600 2877 629 2923 et
646 2875 740 2925 vultus
756 2878 839 2943 tegit,
859 2879 1054 2939 horroremque
1072 2882 1228 2945 metumque
1251 2880 1254 2887 '

459 2965 587 3030 Flagitiis
605 2967 707 3016 aufert.
743 2967 790 3018 Sic
808 2968 874 3020 olim
892 2963 1019 3033 conjugis
1037 2983 1103 3021 usus

453 3057 598 3114 illecebris
616 3060 732 3119 primum
750 3061 858 3123 decepit
875 3061 973 3112 fraude
992 3065 1143 3123 parentem.

458 3150 506 3199 Sic
522 3149 592 3199 ritus
610 3152 752 3214 cultroque
769 3166 863 3219 veros,
882 3154 955 3226 odia,
975 3165 1053 3203 arma
1069 3165 1207 3217 necesque

458 3238 619 3306 conjunctis
636 3244 773 3293 hominum
790 3246 889 3296 studiis
905 3244 1030 3308 vitioque
1050 3248 1191 3307 potentum

457 3332 567 3383 Induxit
585 3337 683 3398 terris;
702 3341 730 3385 et
746 3350 819 3386 nunc
836 3349 943 3401 quoque
960 3337 1091 3387 subdolus
1108 3338 1207 3387 iisdem

457 3425 569 3475 Artibus
585 3428 614 3477 in
630 3442 748 3490 superos
765 3430 839 3479 belia
856 3431 1012 3479 instaurare
1030 3430 1155 3489 parabat.
1442 3474 1449 3481 .

295 3512 331 3561 V.
352 3513 395 3564 11.
432 3515 508 3565 Silo
526 3519 592 3567 urbs
613 3520 786 3572 Palaestinae
804 3521 833 3571 in
849 3522 923 3571 tribu
932 3521 1068 3583 Ephraim.
1077 3521 1159 3571 Judd.
1177 3520 1222 3589 ²1,
1242 3522 1286 3575 ls.
1304 3518 1364 3574 Jos.
1382 3522 1492 3587 antiqq.

434 3608 508 3674 i,l.
529 3610 572 3659 19.
1142 3652 1147 3673 v

501 3701 548 3750 sa
555 3711 626 3750 mar
633 3701 668 3752 ia
680 3704 745 3752 uris
753 3704 927 3757 Palaestinae
938 3706 1046 3756 mediae
1054 3705 1197 3759 daraetin
1206 3709 1299 3759 monte
1308 3707 1372 3759 sita.
1380 3706 1393 3757 l
1400 3708 1490 3773 iiegg.

434 3788 479 3854 16,
498 3793 541 3843 24.
560 3793 619 3843 Jos.
639 3793 704 3843 bell.
720 3790 780 3858 jud.
802 3800 828 3863 1,
847 3802 892 3851 20.
911 3802 936 3850 3.
1537 3858 1551 3879 ,

293 3872 330 3925 V.
348 3876 391 3928 ls.
409 3905 412 3910 ,
428 3880 546 3937 Simon
569 3899 690 3953 magus
714 3884 827 3953 (Samon
844 3891 986 3957 §angellus
1010 3900 1029 3940 a
1045 3890 1177 3941 Romanis
1205 3889 1373 3955 appellatus)
1393 3892 1489 3942 ditton

429 3973 492 4024 sive
518 3978 594 4029 ditia
617 3979 682 4030 vico
706 3980 851 4032 Samariae
876 3983 1018 4035 oriundus·
1031 3982 1141 4051 (Jvutin.
1167 3988 1249 4037 Mart.
1277 3984 1357 4047 Apol.
1386 3987 1412 4051 1,
1442 3986 1490 4043 ³4)

432 4067 600 4127 Spiritus
625 4086 647 4120 s.
672 4074 789 4136 gratiam
813 4077 932 4125 mercari
957 4079 1084 4129 tentavit.
1121 4078 1283 4129 Provincias
1308 4088 1363 4129 non
1388 4088 1492 4137 paucas

432 4163 601 4226 peragravit,
620 4176 688 4224 quas
705 4166 842 4215 diabolica
859 4167 957 4217 fraude
967 4170 1083 4233 doloque
1093 4171 1199 4237 infecit,
1219 4177 1247 4223 et
1264 4169 1391 4231 seipsum
1402 4168 1490 4219 Deum

430 4262 563 4314 atramque
572 4250 696 4317 pellicem
705 4258 828 4307 lielenen
837 4258 982 4318 (elenen)
994 4263 1082 4313 Deam
1097 4264 1191 4315 lraberi
1209 4262 1307 4315 voluit.
1327 4262 1491 4313 alectoros.

428 4342 906 4417 laer.lal›.1,1.uusei.z,14.
953 4331 956 4340 '
1407 4336 1413 4349 ⁸

291 4426 327 4479 V.
346 4432 390 4483 2³.
425 4432 508 4483 Edit..
518 4436 616 4488 Venet.
635 4440 719 4506 legit:

497 4528 633 4590 Spelunca
649 4531 753 4597 ingenti
770 4537 923 4598 paterisque
940 4534 1101 4605 altissimus,
1120 4538 1191 4591 uude

287 4612 324 4664 V.
343 4616 388 4669 15.
423 4617 556 4673 Peleia.
574 4620 623 4688 lll,
642 4623 720 4688 loa..
