3634 5667
287 766 441 828 crebroque
458 763 620 815 conveniret
638 774 672 816 ec
689 775 786 828 usqne,
806 766 838 814 ut
853 762 975 814 odicium
993 775 1061 828 erga
1077 775 1109 814 se
1127 763 1184 825 pati
1198 761 1259 828 jam
1270 725 1497 832 nidlumvellem'
1525 780 1528 785 ·

288 869 341 920 sed
357 867 518 919 mirantibus
535 867 643 920 civibus
660 867 811 918 ventitaret
827 865 856 916 in
873 847 1012 929 arandam
1020 901 1030 934 ,
1057 871 1086 919 et
1111 868 1245 920 famulatu
1263 872 1299 922 ad
1317 871 1393 922 tores
1411 875 1484 926 omui

286 971 386 1022 relicto
403 970 480 1023 solus
497 971 579 1022 modo
596 970 689 1022 scalas
707 972 888 1038 ascenderet,
906 983 941 1022 ac
959 969 1076 1022 Cerae
1093 974 1184 1024 adiret
1200 987 1256 1027 non
1271 987 1353 1027 secus
1373 978 1486 1028 cubicu-

283 1075 359 1143 lum,
377 1087 460 1139 quam
476 1075 502 1126 sl
518 1087 590 1126 unus
607 1077 683 1126 esset
700 1086 736 1124 ex
751 1073 949 1126 familiaribus:
978 1087 1067 1138 neque
1085 1087 1140 1128 uon
1158 1077 1241 1130 etiam
1267 1084 1405 1141 postremo
1424 1083 1485 1143 pari

202 1159 205 1166 ’
283 1179 365 1230 modo
390 1179 554 1230 discederet.
598 1177 677 1237 Quae
700 1180 830 1239 quautam
853 1177 1008 1228 indicarent
1034 1179 1203 1249 amicitiam,
1229 1153 1410 1250 judicaffiat,
1437 1185 1484 1246 qui

282 1283 389 1348 sciunt,
412 1285 444 1333 ut
460 1280 594 1347 dignitate
617 1278 691 1330 iuter
713 1291 765 1330 nos
782 1281 839 1331 sint
856 1280 919 1331 fere
935 1281 1015 1347 regia
1031 1284 1254 1337 Mediolanenses
1270 1287 1482 1351 gubernatores,

281 1385 384 1449 quique
400 1397 455 1436 nou
472 1385 618 1451 ignorant,
647 1386 777 1448 quautam
795 1383 970 1435 declararent
987 1397 1021 1438 eo
1039 1373 1162 1449 tempore
1181 1380 1347 1454 gravitatem
1363 1390 1483 1456 imperii,

279 1490 499 1551 potestatemque
517 1488 637 1541 ommuni
651 1499 762 1554 rerum,
781 1501 843 1538 cum
859 1489 890 1539 in
903 1489 1086 1552 Hispanorum
1102 1494 1163 1543 erat
1180 1492 1321 1544 dominatu
1338 1493 1483 1556 provincia

277 1590 403 1657 integra,
422 1594 453 1641 et
469 1590 537 1642 nihil
554 1591 821 1678 uspiamodistracta·

348 1713 447 1778 Neque
463 1727 533 1766 vero
550 1715 709 1781 Leganes
725 1715 814 1764 minus
832 1714 860 1765 ei
877 1714 906 1764 in
920 1715 1012 1766 aulam
1024 1717 1068 1766 sui
1077 1719 1257 1770 conveniendi
1266 1731 1351 1772 causa
1368 1720 1476 1770 aditum

264 1816 375 1886 dedit,
393 1832 447 1882 quo
464 1822 578 1882 propter
594 1821 715 1872 infinitas
738 1831 805 1871 suas
823 1819 1019 1881 occupationes
1038 1833 1092 1870 non
1115 1821 1204 1872 minus
1223 1823 1321 1872 crebro
1340 1821 1481 1872 frueretur

274 1922 442 1974 amicissimo
460 1923 533 1974 viro.
569 1927 607 1974 At
631 1936 667 1975 ea
697 1923 790 1990 gratia
820 1935 881 1974 cum
905 1923 1052 1986 plurimum
1076 1929 1170 1987 posset
1199 1925 1341 1991 obtinere,
1373 1928 1480 1974 tantum

271 2023 379 2092 abfuit,
399 2027 524 2078 utnulla
541 2027 620 2078 inre
639 2042 703 2079 usus
720 2029 773 2096 sit,
791 2029 842 2078 sed
859 2027 1023 2077 modestiam
1041 2030 1173 2089 perpetuo
1197 2029 1381 2090 virtutemque
1399 2038 1482 2088 prac-

274 2128 366 2181 starit.
401 2132 492 2194 Atque
510 2131 555 2183 hic
571 2131 679 2182 illustre
705 2134 840 2195 quoddam
857 2131 1025 2193 exempluml
1039 2131 1149 2181 videtur
1174 2133 1278 2182 habere
1302 2130 1410 2196 locum,
1445 2142 1481 2180 ne

276 2227 348 2282 sach
381 2235 516 2286 memoria
540 2234 669 2290 hrtereat.
705 2234 777 2285 Nam
810 2236 928 2299 quodanr
959 2236 1004 2286 die
1031 2248 1094 2285 cum
1124 2237 1286 2301 Leganes
1315 2233 1478 2295 disputando

275 2335 402 2387 ceram
419 2339 576 2389 demoratus
594 2340 669 2388 essct
687 2340 723 2390 ad
739 2342 866 2406 noctem,
886 2351 1001 2402 cumque
1016 2335 1076 2403 J'am
1095 2339 1124 2388 in
1141 2350 1175 2391 eo
1194 2342 1284 2402 esset,
1318 2341 1349 2388 nt
1366 2339 1480 2388 videro·

273 2442 320 2489 tur
336 2433 471 2492 homiuem
488 2444 562 2494 velle
580 2444 733 2510 dimittere,
754 2443 833 2506 quasi
851 2455 915 2494 eum
932 2455 982 2505 per
999 2442 1195 2504 pinacothecas
1213 2443 1374 2504 diaetasque
1391 2443 1477 2491 dedu-

274 2545 353 2592 ceret
368 2543 453 2594 nihilo
470 2546 559 2597 minus
576 2549 696 2599 sermoni
712 2549 862 2612 intentum,
880 2547 1001 2608 prudeus
1018 2546 1117 2596 volens
1136 2547 1213 2596 duxit
1231 2559 1264 2597 eo
1282 2559 1384 2616 usque,
1414 2547 1478 2595 dum

273 2645 439 2699 sisterentur
455 2655 570 2713 repente
587 2652 618 2702 in
635 2657 771 2718 rostrum,
794 2651 867 2700 unde
885 2649 914 2699 in
931 2651 1068 2703 theatrum
1086 2652 1147 2700 erat
1164 2651 1325 2718 despectus,
1344 2651 1476 2700 babebat-

274 2762 328 2812 que
347 2753 530 2804 exadversum
548 2766 657 2804 scenas.
692 2755 768 2805 Nihil
791 2756 838 2806 ille
864 2767 919 2806 non
937 2756 1066 2821 conatus,
1095 2758 1127 2804 ut
1144 2754 1301 2820 resugeret,
1328 2753 1378 2802 sed
1395 2763 1477 2802 mauu

273 2854 438 2918 prehensum
443 2889 453 2922 ,
480 2870 583 2919 perque
603 2859 724 2920 Superos
742 2869 805 2909 eam
828 2870 888 2906 rem
906 2860 1100 2919 deprecantem
1118 2857 1237 2908 occlusis
1262 2857 1369 2907 toribus
1389 2851 1478 2919 jussit

272 2955 356 3008 simul
372 2958 506 3012 assidere.
544 2963 631 3022 Quem
642 2955 807 3013 ‘constanter
832 2962 919 3012 oculis
944 2961 1018 3012 humi
1035 2960 1134 3022 positis
1152 2973 1214 3010 cum
1231 2961 1341 3010 videret
1359 2971 1477 3012 renuere

274 3071 324 3117 eos
343 3061 488 3133 attollere,
513 3076 628 3128 cumque
652 3065 679 3115 ei
696 3066 865 3126 persuadere
883 3067 1021 3129 tentaret,
1048 3067 1079 3113 ut
1096 3076 1208 3114 scenam
1227 3063 1430 3114 ornatissimam
1448 3066 1477 3112 et

272 3164 394 3217 musicos
410 3181 512 3230 pueros
528 3173 683 3237 spectaret,
703 3170 750 3233 qui
768 3171 888 3234 agebant
906 3168 1048 3235 tabulam,
1074 3167 1147 3233 noli,
1172 3169 1285 3233 orote,
1310 3165 1414 3230 inquit,
1440 3177 1476 3217 ea

272 3279 318 3318 me
334 3268 410 3320 velle
427 3273 569 3339 aspicere,
598 3274 732 3337 aquibus
748 3283 803 3323 non
820 3273 921 3322 abesse
939 3284 1000 3321 cum
1017 3271 1131 3332 imperio
1150 3270 1231 3323 tacis
1269 3269 1347 3330 Quae
1364 3270 1474 3318 modes-

272 3371 314 3423 tia
338 3376 482 3438 tantopere
499 3377 541 3428 illi
565 3377 618 3426 tuit
645 3379 742 3443 grata,
771 3379 802 3424 nt
824 3373 943 3430 abeundi
971 3373 1135 3428 tacrdtatem
1159 3375 1327 3438 paulopost
1356 3372 1472 3438 dederit,

273 3488 366 3542 neque
385 3480 483 3532 deinde
501 3481 624 3545 coeperit
640 3481 716 3531 allud
731 3479 821 3545 magis
838 3477 1010 3541 praedicare.

342 3614 423 3667 lianc
446 3617 500 3668 sibi
526 3631 588 3668 cnm
613 3617 726 3668 somnis
754 3614 824 3666 viris
847 3613 998 3666 amicitiam
1021 3613 1125 3679 ingenii
1149 3615 1383 3666 commendatione
1411 3625 1472 3662 cum

269 3718 442 3785 peperisset,
470 3725 622 3772 esttamen
637 3721 721 3772 laude
740 3719 865 3784 dignum,
891 3719 964 3782 quod
982 3720 1010 3770 iu
1029 3718 1102 3770 omni
1122 3719 1199 3770 ultae
1224 3730 1326 3785 genere
1350 3719 1379 3766 et
1398 3715 1473 3767 cultu

272 3832 306 3871 se
335 3824 536 3876 modestissime
559 3825 660 3892 gessit,
690 3835 805 3886 cumque
831 3835 900 3872 nnus
928 3833 946 3874 a
970 3821 1094 3884 pluribus
1119 3823 1324 3886 consuleretur,
1354 3819 1472 3870 aliorum
1533 3886 1542 3898 ι

269 3915 380 3990 judicio
395 3928 540 3990 plurimum
558 3931 619 3992 ipse
635 3928 778 3981 tribueret.
814 3927 869 3976 sed
893 3929 937 3976 est
954 3925 1059 3989 aliquid
1076 3925 1180 3992 magis,
1207 3925 1281 3987 quod
1298 3923 1350 3972 bac
1366 3932 1423 3970 rona
1438 3932 1471 3970 re

272 4027 356 4081 iacile
381 4031 436 4081 erit
460 4033 607 4098 uuicuique
629 4035 812 4095 perspectum.
848 4029 917 4081 Erat
945 4025 1005 4095 jam
1030 4027 1149 4080 Gerae
1181 4033 1284 4092 magna
1317 4023 1470 4074 authoritas

276 4135 349 4195 apud
366 4147 460 4186 omncs
478 4141 508 4189 et
523 4137 615 4189 nobile
631 4146 746 4202 nomen,
772 4147 836 4184 cum
853 4133 1102 4198 llieronymus
1119 4129 1348 4184 dacobertus
1365 4127 1472 4177 Medio-

274 4237 368 4290 lanum
379 4242 467 4301 venit.
503 4242 556 4293 illc
577 4245 636 4291 tum
660 4243 722 4291 erat
739 4237 917 4304 adolescens,
949 4239 999 4288 sed
1020 4237 1083 4289 laus
1101 4235 1205 4302 ingenii
1232 4232 1368 4296 maxima,
1400 4231 1472 4280 adeo

274 4345 306 4391 ut
322 4344 403 4404 pauci
420 4357 503 4406 pares
520 4347 691 4407 putarentur.
728 4343 765 4391 at
782 4339 883 4391 Geva
900 4340 931 4388 ut
946 4334 1079 4402 judicium
1096 4334 1157 4404 ejus
1174 4339 1299 4403 iaceret,
1324 4347 1386 4384 cum
1403 4333 1470 4384 nibil

274 4444 357 4496 etlam
374 4445 404 4496 in
420 4447 622 4499 mathematicis
647 4447 788 4496 versatum
813 4443 1085 4507 interrogatiunculis
1112 4455 1191 4494 orsus
1218 4443 1292 4492 esset
1316 4439 1469 4502 lacessere,

274 4553 361 4599 totum
379 4551 456 4601 visus
479 4557 523 4601 est
545 4535 638 4602 statim
664 4561 780 4610 corpore
803 4547 876 4598 omni
901 4557 1086 4612 cognoscere,
1116 4549 1144 4596 et
1167 4545 1333 4606 admiratus,
1367 4543 1468 4600 macte,

274 4651 361 4724 iuquit
370 4688 380 4719 ,
399 4659 460 4706 esto
477 4657 655 4722 adolescens,
674 4658 702 4706 et
720 4667 770 4704 nos
788 4652 896 4716 quando
914 4649 1057 4712 piurinntm
1072 4649 1181 4714 mgenio
1199 4659 1330 4711 superas,
1349 4643 1395 4696 iac
1409 4647 1468 4693 stu·
