3634 5667
644 539 886 614 LIBER
928 538 975 613 V.
1034 612 1044 627 ,
1199 549 1201 557 ’
1411 556 1458 621 91

263 747 297 819 0
325 742 437 832 socii,
463 765 487 814 o
513 734 701 839 quondam
726 734 824 809 coeli
845 759 938 835 gens
962 734 1087 809 incola
1109 735 1254 825 summi,
1331 815 1341 829 f
1385 748 1457 817 285

263 866 366 965 Quos
380 860 514 937 odium
537 883 710 960 superum
734 872 837 930 vetus
863 853 1100 954 implacabile
1124 870 1293 955 torquet3

262 988 374 1057 Nune
400 992 526 1057 'vetera
547 980 678 1052 ulcisci
692 994 867 1077 tempus,
890 1002 991 1049 nunc
1014 976 1096 1074 jura
1119 976 1229 1070 tueri,

261 1108 372 1177 Nune
398 1103 457 1175 fas
483 1100 672 1201 antiquam
695 1124 764 1200 per
787 1098 861 1171 rim
883 1096 1091 1170 decernere
1113 1096 1228 1169 litem.

265 1225 362 1295 Sunt
386 1222 496 1294 nobis
520 1221 723 1291 immensae
749 1218 848 1291 acies
878 1236 1114 1316 extremaque
1139 1240 1295 1315 passae3

265 1342 449 1443 Quodque
476 1360 606 1441 caput,
633 1341 771 1412 nostris
797 1339 920 1412 divina
937 1342 1113 1412 exhausta
1137 1354 1322 1448 potestas]¹
1389 1348 1460 1419 290

265 1463 487 1564 Suppliciis,
512 1460 742 1551 nechabet,
769 1461 860 1561 quid
884 1458 1169 1561 desperantibus
1194 1457 1318 1529 addet.
1473 1446 1476 1453 ¹

266 1587 370 1685 Quae
395 1583 507 1655 fuerit
531 1607 613 1654 sors
639 1607 807 1682 cunque,
833 1583 872 1653 in
896 1584 1043 1654 Numen
1070 1597 1212 1653 vertere
1235 1604 1411 1679 magnum

264 1703 417 1775 Lucifer
442 1727 545 1776 arma
568 1701 690 1801 jubet,
718 1704 933 1803 patriasque
958 1725 1159 1799 reposcere
1184 1698 1306 1790 sedes,
1340 1736 1343 1743 .

266 1824 378 1895 Sidus
404 1823 677 1922 hyperboreum
704 1847 817 1923 supra
841 1821 1059 1923 gelidosque
1084 1820 1236 1893 triones.

263 1941 526 2017 Exscindenda
549 1942 739 2015 hominum
762 1944 882 2042 primo
908 1942 1020 2041 strips
1039 1938 1202 2013 funditus
1220 1934 1352 2031 omnis,
1390 1953 1461 2024 295

263 2064 467 2164 Reptilium
492 2081 529 2134 et
552 2062 741 2136 volucrum
767 2080 805 2135 et
828 2062 1015 2163 pecudum
1039 2084 1173 2160 genust
1196 2061 1350 2164 insuper
1378 2062 1463 2162 ipsa

263 2180 501 2256 Derastsnda
525 2183 602 2281 igni
624 2182 753 2276 tellus;
780 2183 867 2256 hino
892 2192 978 2255 aere
1005 2206 1122 2256 coeno

263 2307 337 2374 Per
361 2302 505 2377 medios
528 2303 633 2402 ignes
654 2328 724 2403 per
749 2300 866 2373 densa
889 2300 1076 2376 volumina
1100 2302 1192 2375 fumi

264 2422 404 2495 Ibimus
428 2423 467 2493 in
493 2448 661 2524 superos.
711 2426 896 2495 Memores
920 2438 1047 2495 tamen
1073 2423 1144 2495 iste
1168 2438 1316 2499 tenetes

267 2540 309 2615 Si
332 2542 643 2615 bremetense
668 2544 804 2644 trepidi
829 2544 1059 2619 venientibus
1082 2543 1181 2616 ultro
1392 2555 1464 2623 500

267 2664 497 2755 Annuerint,
525 2681 562 2736 et
581 2689 698 2763 regna
722 2664 835 2736 velint
860 2664 1013 2764 antiqua
1037 2663 1192 2765 pacisci,

267 2785 475 2883 Partirique
497 2784 605 2884 polos
631 2784 730 2856 haud
753 2784 1028 2859 conditionibus
1053 2786 1204 2885 aequis3

224 2949 226 2954 ·
268 2908 327 2979 Ne
354 2906 550 3005 quisquam
574 2903 742 2977 indecori
768 2903 963 3004 obsequio,
989 2907 1087 2981 velut
1104 2905 1250 3004 indigus
1265 2904 1418 3007 hospes,

268 3027 442 3099 Aetheris
467 3026 507 3096 in
530 3041 675 3124 partem
700 3025 842 3096 veniat:
868 3024 990 3125 rigido
1016 3026 1142 3099 omnia
1164 3026 1245 3124 jure

269 3146 333 3219 Nil
358 3145 531 3244 precibus
548 3145 745 3244 positoque
771 3173 870 3247 genu
889 3146 1072 3246 veniaque
1104 3144 1317 3248 petendum.
1396 3154 1468 3224 305

272 3264 466 3356 Condieta,
492 3290 515 3337 o
541 3265 646 3353 socii,
671 3292 733 3337 res
759 3286 858 3339 esto:
883 3268 1024 3368 jungite
1051 3266 1217 3340 dextras:

269 3387 381 3457 Nunc
401 3384 505 3458 locus
530 3401 569 3457 et
591 3412 652 3457 res
678 3386 760 3486 ipsa
783 3404 903 3482 vocat,
929 3414 1029 3459 nune
1054 3387 1157 3460 facta
1181 3402 1359 3488 potestas.

271 3506 393 3593 Hunc,
417 3481 526 3605 dgite,
553 3505 763 3579 abstrusum
787 3508 940 3579 latebris
967 3506 1146 3605 exquirite
1170 3532 1324 3607 parvum

271 3624 571 3724 Ambiguumque
599 3628 731 3719 Deum,
759 3654 870 3728 quem
893 3628 1063 3699 Numinis
1089 3650 1170 3699 esse
1189 3652 1366 3701 ¹veremur

270 3746 493 3845 Progeniem
516 3747 660 3847 magni3
687 3749 808 3839 nobis,
835 3749 867 3823 si
893 3746 1061 3836 creverit,
1086 3746 1174 3819 olim
1397 3763 1469 3831 510

276 3868 485 3939 Venturum
511 3870 633 3943 exitio.
670 3871 840 3971 Captivus
865 3867 914 3941 ed
939 3868 1063 3941 infima
1089 3892 1259 3969 quaeque

271 4032 307 4084 V.
327 4034 389 4086 293.
408 4035 560 4086 Lucifer
581 4051 724 4099 supremus
747 4038 918 4089 diabolorum
934 4048 1125 4101 nonnunquam
1140 4038 1249 4088 dicitur.
1284 4035 1344 4087 Jes.
1364 4037 1408 4103 14,
1428 4036 1471 4089 ia.

413 4128 544 4193 Aponi),
565 4131 590 4181 1.

272 4205 306 4256 V.
327 4208 390 4258 294.
410 4209 517 4257 Sidus
535 4212 798 4272 hyperboreum
822 4195 921 4279 (ὑπὲρ,
944 4196 1068 4279 βορέας)
1095 4212 1156 4261 sive
1181 4210 1300 4275 gelidi
1333 4209 1474 4261 triones
1578 4278 1591 4291 Ι

412 4310 432 4359 i.
445 4323 460 4360 e
472 4314 680 4381 septentriones,
699 4292 762 4363 sunt
777 4319 881 4375 septem
901 4314 1011 4383 stellae,
1031 4327 1098 4378 quas
1114 4315 1215 4365 Graeci
1230 4296 1356 4377 ἅμαξαν,
1380 4314 1474 4366 Latini

412 4402 564 4463 plaustrum
583 4406 684 4469 dieunt,
703 4406 743 4455 ita
762 4407 844 4466 sitae,
860 4410 892 4455 ut
904 4410 1002 4456 ternae
1014 4408 1154 4468 proximae
1172 4410 1265 4468 speeie
1282 4408 1403 4459 efficiant
1420 4420 1472 4457 ve·

412 4494 464 4543 luti
478 4496 586 4561 trigona
606 4498 725 4564 (cene,
745 4500 807 4556 20:
825 4498 899 4549 Ursa
906 4494 997 4563 major
1006 4503 1034 4549 et
1045 4501 1134 4549 minor
1147 4500 1208 4550 sive
1216 4500 1373 4565 Septentrio
1382 4493 1475 4564 major

415 4590 444 4635 et
461 4588 550 4637 minor
568 4589 800 4653 (Siehengestirn)
822 4594 967 4642 vocentur.
1004 4592 1114 4642 Vltruv.
1137 4593 1226 4659 n,11.

274 4679 308 4728 v.
330 4681 392 4732 ³⁰8·
411 4680 484 4731 Edit.
501 4680 600 4736 Venet.
622 4693 672 4745 pro
687 4682 790 4747 agite
807 4684 827 4734 Ι.
846 4685 931 4747 prins.
