3634 5667
282 595 354 669 aaa
714 561 958 658 mona
1007 565 1067 658 tr.

283 777 463 855 Colleeta·
476 793 616 880 quanto
640 780 911 881 potuitjaeexe
934 780 1091 882 impeto,
1116 781 1243 858 desum

281 900 456 975 Intonuit.
504 902 615 975 Diotu
640 900 830 976 mirabile!
855 902 1025 1004 protinus
1051 903 1172 978 omnia

281 1013 474 1096 Intremuit
497 1019 623 1112 luoue,
647 1037 875 1123 pateraeque
901 1021 1094 1124 effuseque
1119 1023 1216 1115 rino,
1407 1037 1482 1109 280

284 1141 537 1251 Goneuesique
563 1137 672 1215 abaci
688 1137 809 1242 atque
834 1161 1014 1245 argentea
1037 1142 1145 1245 lapsa
1167 1141 1345 1246 supellex.

282 1259 403 1337 Altius
429 1263 614 1354 exclama,
638 1260 744 1363 jubet
767 1263 916 1365 Aliger:
941 1261 1051 1338 altius
1074 1263 1155 1336 illa·

282 1384 410 1458 Jeeum
433 1384 567 1458 iterum
591 1383 711 1460 rorat.
760 1385 861 1458 ane
887 1401 1011 1458 antem
1036 1381 1083 1457 de
1105 1382 1277 1460 faucibus
1301 1387 1387 1463 imis

283 1503 466 1580 Convivae
490 1503 621 1604 stygii,
648 1511 805 1604 quorum
830 1506 1040 1580 intermixta
1060 1503 1217 1578 tedebat

282 1619 413 1699 Turba
435 1625 567 1726 ingene
595 1623 767 1699 redimita
790 1625 914 1702 ederis
937 1643 1100 1728 taxoqne
1124 1626 1299 1726 nigranti,
1408 1646 1481 1720 235

280 1747 470 1819 Exeruere
491 1761 591 1822 atrae
614 1745 806 1822 immundo
831 1749 1012 1849 sanguine
1035 1747 1196 1848 linguas.

249 1907 258 1942 r
282 1865 412 1958 Tertia
433 1865 503 1940 aed
524 1869 724 1970 poetquam
739 1867 857 1944 'coelo
881 1895 952 1944 rox
974 1867 1112 1942 clarior
1134 1884 1231 1961 aeta,

281 1987 372 2061 Non
394 1985 478 2060 tulit
501 1988 599 2062 ultra
618 1989 762 2066 Erehus
787 2015 947 2064 nomem
968 2004 1154 2090 ventoque
1179 2007 1311 2066 ooorto

285 2107 420 2184 Omnia
445 2106 624 2209 diffugere
648 2127 827 2214 repente,
853 2129 895 2184 ut
917 2110 1040 2185 tumus
1064 2110 1104 2182 in
1129 2133 1251 2187 aurae.

282 2231 392 2303 Tune
416 2256 484 2304 ora
509 2231 684 2306 attollens
710 2233 812 2333 Agar
835 2231 944 2306 fusco
970 2239 1058 2304 edre
1082 2229 1173 2304 vidit
1406 2251 1481 2323 290

282 2350 401 2451 Nigro
425 2351 465 2424 in
490 2377 589 2455 eqno
613 2353 817 2452 fugientem
843 2351 1025 2453 equitem,
1048 2349 1264 2452 volucrique
1290 2350 1457 2432 dracone

281 2471 468 2546 Inreetam
493 2475 667 2550 comitem
691 2500 820 2577 sagam
844 2499 914 2576 per
936 2474 1063 2548 inania
1086 2472 1189 2549 ferri.

280 2595 380 2674 ¹Tum
402 2597 570 2671 meminit
594 2597 751 2671 monstri
774 2593 970 2685 horrendi,
997 2594 1101 2696 quod
1124 2595 1317 2670 Parthenia
1342 2596 1433 2672 olim

281 2717 456 2792 Praescia
479 2716 635 2794 fatidico
660 2717 898 2821 praedixerat
922 2740 989 2789 ore
1013 2713 1238 2817 fugandumt

282 2837 388 2940 Quae
396 2837 511 2914 loea‘?
535 2835 867 2942 quodspeetrum‘?
891 2835 992 2912 vultu
1000 2836 1206 2911 exanimata
1214 2840 1398 2941 poposcit
1407 2853 1479 2927 295

283 2959 372 3032 Non
398 2960 493 3034 haec
515 2971 682 3062 tempus,
708 2960 760 3033 ait
785 2959 920 3032 ductor
926 2984 940 3054 5
964 2957 1041 3059 jam
1066 2984 1209 3032 summa
1232 2978 1406 3061 peraetat

283 3079 377 3153 Inde
400 3079 510 3155 ecies.
558 3083 733 3154 Extrema
755 3096 893 3155 vocant
911 3103 971 3151 me
996 3079 1098 3179 jussa
1120 3081 1316 3184 Topantie.
1399 3107 1403 3115 ·
1496 3072 1503 3086 ’

282 3199 356 3274 Hie
379 3225 447 3274 ore
472 3223 675 3300 exanguem
700 3199 802 3273 dirue
826 3205 1046 3302 peregrinus
1063 3218 1248 3301 agrestem

282 3325 456 3425 ignaram
480 3335 631 3397 erentue
653 3319 831 3395 umbroso
854 3321 895 3394 in
920 3319 1015 3394 ealle
1040 3320 1206 3420 reliquitt

282 3435 408 3544 Atque
432 3445 531 3518 hane
554 3465 668 3544 oar-pe
690 3441 808 3532 riam,
832 3439 939 3531 dixit,
966 3464 1063 3540 quae
1089 3459 1192 3515 certa
1214 3441 1343 3517 Puello
1408 3461 1479 3529 500

285 3565 405 3642 Obvia
429 3564 497 3640 eub
522 3579 673 3638 nortem
694 3561 824 3637 reduci
847 3563 1002 3662 vestigia
1021 3563 1161 3664 junget.

286 3686 351 3762 Sio
375 3687 446 3763 ait:
477 3687 558 3788 ipse
584 3701 707 3759 autem
733 3681 845 3758 subiit
866 3681 1076 3785 penetralia
1099 3700 1224 3759 terrae

283 3807 463 3883 Promisai
486 3829 646 3895 memor,
676 3821 713 3877 et
738 3827 893 3906 superas
915 3804 1034 3879 erexit
1055 3803 1106 3877 ad
1129 3829 1238 3879 auras

225 3919 230 4018 J
283 3928 470 4022 infantum
495 3927 643 4027 exiguas
669 3925 830 4026 animae,
857 3952 951 4025 quas
975 3923 1080 4000 vallis
1105 3950 1249 4027 opacae

219 4075 225 4120 t
283 4049 439 4125 Abdidit
462 4049 503 4146 in
525 4046 699 4157 latebrier
726 4045 809 4118 exin
833 4045 1006 4121 Jordanis
1032 4039 1082 4120 ad
1106 4071 1254 4121 amnem
1408 4067 1479 4138 305

281 4168 537 4245 Zacharidem'
555 4147 604 4242 ad
628 4171 785 4240 Puerum
809 4167 929 4241 roseis
954 4193 995 4241 se
1021 4169 1177 4244 eontulit
1201 4170 1283 4248 alis.

283 4432 767 4500 v.tet.ronentts.v1,1ea.

281 4555 317 4608 V.
337 4559 399 4612 tot.
417 4559 666 4612 materialem
683 4559 725 4610 aa
742 4559 904 4608 Puerum.
924 4555 972 4623 111,
991 4558 1052 4610 288.

424 4649 496 4712 ituit.
513 4647 613 4706 venet.
632 4663 682 4715 pro
694 4649 1145 4704 zaetartteuaeeuem
1163 4651 1183 4700 t.
1199 4652 1236 4702 ad
1251 4651 1366 4701 Puerum
1378 4654 1479 4702 vatem
