3634 5667
328 631 377 698 m
624 648 631 666 ,
762 609 1092 702 utaunle

324 813 442 911 Plaga
466 824 564 898 erat,
592 824 704 907 atque
731 805 827 880 adeo
850 805 990 902 dulcis,
1015 821 1057 878 ut
1081 801 1181 899 ferre
1206 801 1391 878 medelam
1452 819 1522 890 385

322 935 470 1020 Nollet,
495 953 567 1004 nec
591 928 689 1002 rivos
716 925 828 1000 calidi
850 927 1013 1000 retinere
1038 925 1193 1016 cruoris,

323 1063 363 1154 g)
388 1053 469 1126 Nec
496 1049 666 1123 fomenta
691 1021 793 1150 patif
814 1048 938 1122 donec
963 1074 1048 1121 cum
1073 1047 1251 1147 sanguine
1276 1046 1373 1121 vires

205 1278 207 1281 Ι
321 1172 504 1246 Paulatim
529 1171 718 1244 exanimes
744 1168 889 1261 abiere,
916 1170 1166 1267 exhaustaque
1191 1166 1266 1242 vita
1283 1157 1358 1240 est.

321 1296 383 1368 Ab
407 1291 521 1395 puer!
549 1292 616 1364 ah!
641 1289 774 1391 jaculis
800 1291 883 1391 quis
907 1307 947 1363 te
969 1312 1214 1381 concurrere,
1241 1285 1408 1376 damona,

320 1415 476 1486 Talibus
501 1412 690 1484 incautum
712 1411 824 1484 traxit
847 1437 925 1484 non
951 1409 1088 1485 viribus
1115 1403 1274 1508 aequis?
1451 1419 1524 1490 590
1632 1459 1633 1482 ,

320 1535 465 1634 Accipe
490 1558 610 1623 nune,
636 1557 733 1632 quae
759 1555 837 1604 non
861 1533 996 1620 sentis,
1018 1529 1156 1608 solatia
1180 1526 1321 1600 mertia.
1545 1506 1551 1526 ’

319 1659 418 1728 Nam
441 1653 636 1754 pulchram
660 1669 700 1738 ut
724 1653 815 1728 vidit
839 1652 997 1741 faciem,
1025 1666 1062 1722 et
1084 1649 1168 1722 fera
1195 1648 1348 1721 vulnera
1368 1645 1498 1736 victor,

319 1774 460 1848 Effudit
483 1773 675 1847 lacrimas:
702 1772 941 1874 implevitque
967 1789 1069 1844 astra
1094 1768 1270 1869 querelis,

319 1895 564 1995 Incubuitque
590 1918 722 1994 super,
748 1887 912 1993 dixitque
937 1891 1139 1965 tenerrima
1162 1888 1288 1962 rerba.

262 2001 268 2015 ⁸
318 2021 491 2116 Dumque
517 2017 600 2090 sinu
623 2033 704 2088 toto
729 2013 848 2104 fovet,
874 2031 912 2085 et
937 2011 1025 2084 dum
1048 2009 1203 2084 brachia
1229 2006 1328 2079 callo
1451 2017 1522 2086 395

248 2190 252 2195 ,
318 2139 458 2238 Injicit,
485 2154 596 2237 atque
622 2137 735 2209 aretis
759 2133 974 2232 tenerisque
1001 2130 1227 2232 amplexibus
1253 2129 1382 2200 haeret
1390 2154 1403 2221 3

319 2265 416 2332 Tam
440 2259 560 2334 valide
587 2252 794 2355 exanimem
816 2253 975 2354 pressit,
1002 2252 1058 2324 sic
1083 2241 1252 2322 membra
1275 2247 1427 2319 lacertis

318 2382 363 2480 h)
389 2379 540 2482 Frigida
565 2378 727 2468 strinxit,
754 2393 796 2448 ut
811 2371 841 2445 'e
867 2373 1023 2473 geminis
1050 2397 1155 2443 amor
1179 2395 1274 2440 unus
1301 2384 1339 2440 et
1358 2367 1459 2438 idem
1527 2413 1532 2421 -

189 2556 201 2578 c
318 2502 489 2574 Extiterit
511 2503 650 2601 pueris.
702 2501 767 2574 Sic
792 2496 904 2571 terris
928 2485 1182 2593 irrequietum,

317 2624 497 2698 Humanis
521 2622 635 2696 rebus
660 2621 819 2711 lassum,
845 2615 1055 2714 misereque
1080 2627 1285 2712 vagantem,
1449 2615 1522 2692 400

317 2749 433 2843 Dira,
457 2744 574 2819 trahis
599 2761 768 2817 nostrum
791 2739 887 2812 mira
912 2733 1110 2807 dulcedine
1138 2753 1315 2817 amorem,

318 2871 484 2968 Aegrum
509 2889 620 2964 quem
644 2861 766 2935 reficis
789 2855 929 2930 blande
936 2884 949 2949 3
976 2880 1062 2925 mox
1088 2851 1223 2926 viribus
1252 2863 1380 2922 auctus

318 2988 501 3062 Paulatim
527 2985 669 3058 exuitur
693 2980 852 3055 terrenis
879 2975 1070 3049 sensibust
1096 2969 1184 3042 inde

318 3108 453 3184 Evadit
475 3103 649 3178 eoelestis
674 3127 790 3174 amor.
841 3099 923 3170 lam
947 3093 1075 3194 ponite
1096 3091 1261 3192 plectra:

248 3295 250 3299 .
318 3227 512 3303 Fabellam
538 3223 658 3296 cecini
665 3250 678 3321 5
704 3217 776 3292 nec
800 3213 858 3292 las
884 3216 1094 3319 producere
1113 3233 1290 3302 carmen.
1318 3237 1322 3256 r
1447 3211 1520 3288 005

318 3354 418 3425 Nam
448 3349 547 3420 bene
572 3343 605 3416 si
627 3342 734 3415 video
759 3336 1007 3426 intenebris,
1033 3330 1185 3404 tandem
1209 3325 1358 3399 ultimus
1388 3347 1455 3394 axe

319 3471 476 3544 Labitur
500 3489 590 3539 eece
615 3489 730 3562 sopor
757 3457 882 3532 nitidis
907 3472 1103 3556 argenteus
1130 3449 1239 3528 alis.-

320 3595 477 3690 Jamque
498 3562 627 3660 omncs
652 3580 870 3683 gradiuntur
894 3579 1027 3670 humo,
1053 3575 1128 3674 jam
1153 3586 1253 3642 tecta
1276 3564 1401 3639 volatu

240 3807 246 3817 .
322 3714 442 3785 Sacra
465 3722 614 3809 petunt}
637 3704 786 3804 jamque
810 3701 873 3772 ille
899 3696 1008 3770 Senis
1034 3693 1198 3766 frontem
1221 3679 1335 3761 insilit
1342 3712 1355 3782 3
1382 3681 1477 3756 alter

319 3839 504 3906 Lucentes
525 3826 649 3927 digitis
673 3822 759 3911 tibi,
785 3848 905 3922 pupe,
932 3821 1096 3916 resignat
1122 3808 1284 3884 ocellos:
1447 3812 1521 3890 010

320 3955 388 4026 Ille
414 3971 571 4048 utraque
597 3973 709 4019 manu
734 3942 860 4014 furtim
886 3942 992 4012 nivea
1016 3961 1085 4008 ora
1108 3928 1255 4034 parenti
1481 3932 1487 3940 ’

321 4074 475 4172 Obtegit
499 4097 522 4143 a
547 4086 664 4167 tergo,
714 4061 934 4160 Tranquilla
959 4055 1105 4132 silentia
1129 4048 1245 4123 labris
1334 4113 1337 4118 ,

321 4197 484 4271 Admeto
509 4189 625 4289 digito
650 4180 827 4257 subeunt:
854 4179 964 4254 Genii
989 4195 1208 4284 ,nocturnas
1320 4169 1324 4175 ’

620 4367 741 4389 -αῑ--υ-ἶυ

427 4490 457 4558 g)
475 4491 593 4540 Eruitur
607 4456 743 4538 sensilium

428 4609 459 4666 b)
477 4605 508 4656 lu
524 4606 653 4654 Amorem
670 4602 794 4652 divinum
808 4595 937 4647 vertltur.

321 4722 356 4771 V.
366 4723 428 4774 41⁰.
444 4720 516 4770 uuit.
536 4720 634 4768 venet.
654 4722 704 4778 ‘pro
723 4717 897 4767 lucentes
915 4708 934 4757 1.
954 4699 1116 4770 plrimiferts.
