<?xml version="1.0" encoding="UTF-8"?>
<!DOCTYPE html PUBLIC "-//W3C//DTD XHTML 1.0 Transitional//EN"
    "http://www.w3.org/TR/xhtml1/DTD/xhtml1-transitional.dtd">
<html xmlns="http://www.w3.org/1999/xhtml" xml:lang="en" lang="en">
 <head>
  <title>
</title>
<meta http-equiv="Content-Type" content="text/html;charset=utf-8" />
  <meta name='ocr-system' content='tesseract 3.04.00' />
  <meta name='ocr-capabilities' content='ocr_page ocr_carea ocr_par ocr_line ocrx_word'/>
</head>
<body>
  <div class='ocr_page' id='page_1' title='image "./jesuspuer00cevagoog_0017.png"; bbox 0 0 3634 5667; ppageno 0'>
   <div class='ocr_carea' id='block_1_1' title="bbox 1490 511 1559 580">
    <p class='ocr_par' dir='ltr' id='par_1_1' title="bbox 1490 511 1559 580">
     <span class='ocr_line' id='line_1_1' title="bbox 1490 511 1559 580; baseline 0 0"><span class='ocrx_word' id='word_1_1' title='bbox 1490 511 1559 580; x_wconf 78' lang='lat' dir='ltr'><strong>IX</strong></span> 
     </span>
    </p>
   </div>
   <div class='ocr_carea' id='block_1_2' title="bbox 358 739 1560 824">
    <p class='ocr_par' dir='ltr' id='par_1_2' title="bbox 358 739 1560 824">
     <span class='ocr_line' id='line_1_2' title="bbox 358 739 1560 824; baseline -0.011 -21"><span class='ocrx_word' id='word_1_2' title='bbox 358 754 384 803; x_wconf 89' lang='lat' dir='ltr'><strong>is</strong></span> <span class='ocrx_word' id='word_1_3' title='bbox 405 767 442 803; x_wconf 78' lang='lat' dir='ltr'><strong>ex</strong></span> <span class='ocrx_word' id='word_1_4' title='bbox 464 751 589 802; x_wconf 83' lang='lat' dir='ltr'><strong>omnibus</strong></span> <span class='ocrx_word' id='word_1_5' title='bbox 606 752 650 798; x_wconf 86' lang='lat' dir='ltr'><strong>est</strong></span> <span class='ocrx_word' id='word_1_6' title='bbox 667 759 703 796; x_wconf 86' lang='lat' dir='ltr'><strong>ea</strong></span> <span class='ocrx_word' id='word_1_7' title='bbox 719 747 781 809; x_wconf 81' lang='lat' dir='ltr'><strong>lege</strong></span> <span class='ocrx_word' id='word_1_8' title='bbox 799 744 939 807; x_wconf 82' lang='lat' dir='ltr'><strong>delectus,</strong></span> <span class='ocrx_word' id='word_1_9' title='bbox 966 745 996 790; x_wconf 86' lang='lat' dir='ltr'><strong>ut</strong></span> <span class='ocrx_word' id='word_1_10' title='bbox 1012 752 1101 804; x_wconf 88' lang='lat' dir='ltr'><strong>neque</strong></span> <span class='ocrx_word' id='word_1_11' title='bbox 1119 751 1154 824; x_wconf 78' lang='lat' dir='ltr'><strong>eo</strong></span> <span class='ocrx_word' id='word_1_12' title='bbox 1170 739 1262 790; x_wconf 82' lang='lat' dir='ltr'><strong>secius</strong></span> <span class='ocrx_word' id='word_1_13' title='bbox 1278 739 1377 790; x_wconf 86' lang='lat' dir='ltr'><strong>studiis</strong></span> <span class='ocrx_word' id='word_1_14' title='bbox 1394 740 1560 804; x_wconf 83' lang='lat' dir='ltr'><strong>obsequere-</strong></span> 
     </span>
    </p>
   </div>
   <div class='ocr_carea' id='block_1_3' title="bbox 360 856 489 907">
    <p class='ocr_par' dir='ltr' id='par_1_3' title="bbox 360 856 489 907">
     <span class='ocr_line' id='line_1_3' title="bbox 360 856 489 907; baseline -0.023 0"><span class='ocrx_word' id='word_1_15' title='bbox 360 861 406 907; x_wconf 86' lang='lat' dir='ltr'><strong>tur</strong></span> <span class='ocrx_word' id='word_1_16' title='bbox 422 856 489 906; x_wconf 88' lang='lat' dir='ltr'><strong>suis.</strong></span> 
     </span>
    </p>
   </div>
   <div class='ocr_carea' id='block_1_4' title="bbox 354 979 1565 2813">
    <p class='ocr_par' dir='ltr' id='par_1_4' title="bbox 354 979 1565 2813">
     <span class='ocr_line' id='line_1_4' title="bbox 430 979 1560 1055; baseline -0.008 -14"><span class='ocrx_word' id='word_1_17' title='bbox 430 995 468 1042; x_wconf 81' lang='lat' dir='ltr'><strong>At</strong></span> <span class='ocrx_word' id='word_1_18' title='bbox 484 987 546 1055; x_wconf 90' lang='lat' dir='ltr'><strong>ejus</strong></span> <span class='ocrx_word' id='word_1_19' title='bbox 562 999 617 1039; x_wconf 87' lang='lat' dir='ltr'><strong>non</strong></span> <span class='ocrx_word' id='word_1_20' title='bbox 633 987 722 1035; x_wconf 88' lang='lat' dir='ltr'><strong>minus</strong></span> <span class='ocrx_word' id='word_1_21' title='bbox 738 981 877 1048; x_wconf 80' lang='lat' dir='ltr'><strong>ingenium</strong></span> <span class='ocrx_word' id='word_1_22' title='bbox 895 981 981 1032; x_wconf 86' lang='lat' dir='ltr'><strong>eluxit</strong></span> <span class='ocrx_word' id='word_1_23' title='bbox 986 992 997 1046; x_wconf 67' lang='grc' dir='ltr'><strong>ς</strong></span> <span class='ocrx_word' id='word_1_24' title='bbox 1021 991 1138 1046; x_wconf 88' lang='lat' dir='ltr'><strong>namque</strong></span> <span class='ocrx_word' id='word_1_25' title='bbox 1156 979 1346 1034; x_wconf 82' lang='lat' dir='ltr'><strong>celeriter&#39;est</strong></span> <span class='ocrx_word' id='word_1_26' title='bbox 1364 990 1426 1032; x_wconf 86' lang='lat' dir='ltr'><strong>eam</strong></span> <span class='ocrx_word' id='word_1_27' title='bbox 1443 981 1560 1045; x_wconf 87' lang='lat' dir='ltr'><strong>adeptus</strong></span> 
     </span>
     <span class='ocr_line' id='line_1_5' title="bbox 361 1085 1559 1160; baseline -0.005 -13"><span class='ocrx_word' id='word_1_28' title='bbox 361 1096 571 1160; x_wconf 86' lang='lat' dir='ltr'><strong>auctoritatem,</strong></span> <span class='ocrx_word' id='word_1_29' title='bbox 602 1103 683 1153; x_wconf 87' lang='lat' dir='ltr'><strong>quam</strong></span> <span class='ocrx_word' id='word_1_30' title='bbox 709 1091 808 1151; x_wconf 89' lang='lat' dir='ltr'><strong>postea</strong></span> <span class='ocrx_word' id='word_1_31' title='bbox 824 1087 861 1136; x_wconf 90' lang='lat' dir='ltr'><strong>ad</strong></span> <span class='ocrx_word' id='word_1_32' title='bbox 878 1089 1029 1136; x_wconf 88' lang='lat' dir='ltr'><strong>extremam</strong></span> <span class='ocrx_word' id='word_1_33' title='bbox 1046 1097 1133 1151; x_wconf 85' lang='lat' dir='ltr'><strong>usqne</strong></span> <span class='ocrx_word' id='word_1_34' title='bbox 1151 1088 1320 1140; x_wconf 88' lang='lat' dir='ltr'><strong>senectutem</strong></span> <span class='ocrx_word' id='word_1_35' title='bbox 1336 1085 1460 1138; x_wconf 78' lang='lat' dir='ltr'><strong>retinuit.</strong></span> <span class='ocrx_word' id='word_1_36' title='bbox 1497 1087 1559 1141; x_wconf 84' lang='lat' dir='ltr'><strong>lloc</strong></span> 
     </span>
     <span class='ocr_line' id='line_1_6' title="bbox 363 1171 1560 1264; baseline -0.003 -15"><span class='ocrx_word' id='word_1_37' title='bbox 363 1197 424 1264; x_wconf 92' lang='lat' dir='ltr'><strong>ejus</strong></span> <span class='ocrx_word' id='word_1_38' title='bbox 446 1199 491 1248; x_wconf 89' lang='lat' dir='ltr'><strong>rei</strong></span> <span class='ocrx_word' id='word_1_39' title='bbox 508 1197 663 1260; x_wconf 77' lang='lat' dir='ltr'>specimen,</span> <span class='ocrx_word' id='word_1_40' title='bbox 692 1194 764 1255; x_wconf 91' lang='lat' dir='ltr'><strong>quod</strong></span> <span class='ocrx_word' id='word_1_41' title='bbox 781 1171 811 1239; x_wconf 85' lang='lat' dir='ltr'><strong>in</strong></span> <span class='ocrx_word' id='word_1_42' title='bbox 827 1201 888 1240; x_wconf 92' lang='lat' dir='ltr'><strong>eam</strong></span> <span class='ocrx_word' id='word_1_43' title='bbox 905 1191 1001 1239; x_wconf 89' lang='lat' dir='ltr'><strong>urbem</strong></span> <span class='ocrx_word' id='word_1_44' title='bbox 1019 1201 1083 1238; x_wconf 82' lang='lat' dir='ltr'><strong>curn</strong></span> <span class='ocrx_word' id='word_1_45' title='bbox 1097 1191 1235 1256; x_wconf 85' lang='lat' dir='ltr'><strong>venisset,</strong></span> <span class='ocrx_word' id='word_1_46' title='bbox 1262 1191 1292 1242; x_wconf 89' lang='lat' dir='ltr'><strong>ln</strong></span> <span class='ocrx_word' id='word_1_47' title='bbox 1309 1203 1363 1254; x_wconf 91' lang='lat' dir='ltr'><strong>qua</strong></span> <span class='ocrx_word' id='word_1_48' title='bbox 1379 1193 1439 1242; x_wconf 82' lang='lat' dir='ltr'><strong>Pet.</strong></span> <span class='ocrx_word' id='word_1_49' title='bbox 1457 1194 1560 1246; x_wconf 84' lang='lat' dir='ltr'><strong>Paulus</strong></span> 
     </span>
     <span class='ocr_line' id='line_1_7' title="bbox 365 1293 1561 1366; baseline -0.004 -13"><span class='ocrx_word' id='word_1_50' title='bbox 365 1301 612 1366; x_wconf 78' lang='lat' dir='ltr'><strong>caravaggius</strong></span> <span class='ocrx_word' id='word_1_51' title='bbox 629 1299 675 1348; x_wconf 88' lang='lat' dir='ltr'><strong>vir</strong></span> <span class='ocrx_word' id='word_1_52' title='bbox 691 1295 877 1347; x_wconf 84' lang='lat' dir='ltr'><strong>nobilissimus</strong></span> <span class='ocrx_word' id='word_1_53' title='bbox 893 1303 1022 1358; x_wconf 80' lang='lat' dir='ltr'><strong>magnam</strong></span> <span class='ocrx_word' id='word_1_54' title='bbox 1039 1293 1068 1344; x_wconf 90' lang='lat' dir='ltr'><strong>in</strong></span> <span class='ocrx_word' id='word_1_55' title='bbox 1085 1293 1188 1346; x_wconf 82' lang='lat' dir='ltr'><strong>lamam</strong></span> <span class='ocrx_word' id='word_1_56' title='bbox 1204 1297 1371 1357; x_wconf 86' lang='lat' dir='ltr'><strong>pervenerat</strong></span> <span class='ocrx_word' id='word_1_57' title='bbox 1387 1296 1561 1348; x_wconf 77' lang='lat' dir='ltr'><strong>mathemati-</strong></span> 
     </span>
     <span class='ocr_line' id='line_1_8' title="bbox 362 1397 1560 1471; baseline -0.004 -15"><span class='ocrx_word' id='word_1_58' title='bbox 362 1419 410 1456; x_wconf 79' lang='lat' dir='ltr'><strong>ces</strong></span> <span class='ocrx_word' id='word_1_59' title='bbox 427 1407 525 1471; x_wconf 74' lang='lat' dir='ltr'><strong>latide,</strong></span> <span class='ocrx_word' id='word_1_60' title='bbox 545 1417 607 1454; x_wconf 90' lang='lat' dir='ltr'><strong>eum</strong></span> <span class='ocrx_word' id='word_1_61' title='bbox 625 1399 821 1453; x_wconf 85' lang='lat' dir='ltr'><strong>consuetudine</strong></span> <span class='ocrx_word' id='word_1_62' title='bbox 838 1410 890 1448; x_wconf 90' lang='lat' dir='ltr'><strong>sna</strong></span> <span class='ocrx_word' id='word_1_63' title='bbox 908 1398 978 1449; x_wconf 92' lang='lat' dir='ltr'><strong>adec</strong></span> <span class='ocrx_word' id='word_1_64' title='bbox 996 1397 1050 1448; x_wconf 92' lang='lat' dir='ltr'><strong>sibi</strong></span> <span class='ocrx_word' id='word_1_65' title='bbox 1067 1398 1205 1465; x_wconf 77' lang='lat' dir='ltr'>devinxit,</span> <span class='ocrx_word' id='word_1_66' title='bbox 1228 1401 1259 1448; x_wconf 91' lang='lat' dir='ltr'><strong>ut</strong></span> <span class='ocrx_word' id='word_1_67' title='bbox 1275 1411 1355 1449; x_wconf 92' lang='lat' dir='ltr'><strong>nemo</strong></span> <span class='ocrx_word' id='word_1_68' title='bbox 1372 1397 1414 1450; x_wconf 94' lang='lat' dir='ltr'><strong>illi</strong></span> <span class='ocrx_word' id='word_1_69' title='bbox 1431 1399 1560 1463; x_wconf 78' lang='lat' dir='ltr'><strong>deinceps</strong></span> 
     </span>
     <span class='ocr_line' id='line_1_9' title="bbox 362 1497 1560 1566; baseline -0.004 -6"><span class='ocrx_word' id='word_1_70' title='bbox 362 1511 447 1560; x_wconf 75' lang='lat' dir='ltr'><strong>doerit</strong></span> <span class='ocrx_word' id='word_1_71' title='bbox 470 1509 572 1558; x_wconf 88' lang='lat' dir='ltr'><strong>carior.</strong></span> <span class='ocrx_word' id='word_1_72' title='bbox 611 1505 763 1559; x_wconf 79' lang='lat' dir='ltr'><strong>conciliata</strong></span> <span class='ocrx_word' id='word_1_73' title='bbox 787 1505 946 1552; x_wconf 85' lang='lat' dir='ltr'><strong>astantem</strong></span> <span class='ocrx_word' id='word_1_74' title='bbox 964 1501 1087 1552; x_wconf 86' lang='lat' dir='ltr'><strong>amicitia</strong></span> <span class='ocrx_word' id='word_1_75' title='bbox 1105 1499 1223 1552; x_wconf 82' lang='lat' dir='ltr'><strong>Cevae</strong></span> <span class='ocrx_word' id='word_1_76' title='bbox 1237 1497 1392 1566; x_wconf 85' lang='lat' dir='ltr'><strong>juventutis</strong></span> <span class='ocrx_word' id='word_1_77' title='bbox 1408 1514 1494 1566; x_wconf 88' lang='lat' dir='ltr'><strong>prope</strong></span> <span class='ocrx_word' id='word_1_78' title='bbox 1512 1515 1560 1556; x_wconf 90' lang='lat' dir='ltr'><strong>ca-</strong></span> 
     </span>
     <span class='ocr_line' id='line_1_10' title="bbox 362 1603 1564 1669; baseline -0.005 -5"><span class='ocrx_word' id='word_1_79' title='bbox 362 1614 475 1664; x_wconf 88' lang='lat' dir='ltr'><strong>lumnia.</strong></span> <span class='ocrx_word' id='word_1_80' title='bbox 503 1611 576 1662; x_wconf 87' lang='lat' dir='ltr'><strong>Nam</strong></span> <span class='ocrx_word' id='word_1_81' title='bbox 592 1612 655 1660; x_wconf 84' lang='lat' dir='ltr'><strong>viro</strong></span> <span class='ocrx_word' id='word_1_82' title='bbox 672 1619 777 1659; x_wconf 88' lang='lat' dir='ltr'><strong>summo</strong></span> <span class='ocrx_word' id='word_1_83' title='bbox 795 1610 824 1656; x_wconf 93' lang='lat' dir='ltr'><strong>et</strong></span> <span class='ocrx_word' id='word_1_84' title='bbox 840 1603 869 1653; x_wconf 89' lang='lat' dir='ltr'><strong>in</strong></span> <span class='ocrx_word' id='word_1_85' title='bbox 885 1604 1087 1655; x_wconf 77' lang='lat' dir='ltr'>mathematicis</span> <span class='ocrx_word' id='word_1_86' title='bbox 1104 1606 1244 1657; x_wconf 75' lang='lat' dir='ltr'><strong>tradendis</strong></span> <span class='ocrx_word' id='word_1_87' title='bbox 1261 1605 1472 1669; x_wconf 88' lang='lat' dir='ltr'><strong>prudentissimo</strong></span> <span class='ocrx_word' id='word_1_88' title='bbox 1490 1609 1564 1666; x_wconf 63' lang='lat' dir='ltr'><strong>(tras</strong></span> 
     </span>
     <span class='ocr_line' id='line_1_11' title="bbox 364 1706 1565 1776; baseline -0.005 -10"><span class='ocrx_word' id='word_1_89' title='bbox 364 1719 447 1767; x_wconf 87' lang='lat' dir='ltr'><strong>debat</strong></span> <span class='ocrx_word' id='word_1_90' title='bbox 459 1727 528 1766; x_wconf 84' lang='lat' dir='ltr'><strong>vero</strong></span> <span class='ocrx_word' id='word_1_91' title='bbox 547 1727 583 1765; x_wconf 86' lang='lat' dir='ltr'><strong>ea</strong></span> <span class='ocrx_word' id='word_1_92' title='bbox 592 1713 700 1776; x_wconf 85' lang='lat' dir='ltr'><strong>publice</strong></span> <span class='ocrx_word' id='word_1_93' title='bbox 718 1712 747 1760; x_wconf 89' lang='lat' dir='ltr'><strong>in</strong></span> <span class='ocrx_word' id='word_1_94' title='bbox 763 1709 865 1760; x_wconf 84' lang='lat' dir='ltr'><strong>sciolis</strong></span> <span class='ocrx_word' id='word_1_95' title='bbox 874 1708 1022 1768; x_wconf 75' lang='lat' dir='ltr'><strong>Palatinis)</strong></span> <span class='ocrx_word' id='word_1_96' title='bbox 1040 1707 1155 1760; x_wconf 89' lang='lat' dir='ltr'><strong>bominis</strong></span> <span class='ocrx_word' id='word_1_97' title='bbox 1173 1713 1252 1762; x_wconf 85' lang='lat' dir='ltr'><strong>aetas</strong></span> <span class='ocrx_word' id='word_1_98' title='bbox 1265 1711 1315 1762; x_wconf 85' lang='lat' dir='ltr'><strong>vix</strong></span> <span class='ocrx_word' id='word_1_99' title='bbox 1329 1706 1505 1776; x_wconf 84' lang='lat' dir='ltr'><strong>juventutem</strong></span> <span class='ocrx_word' id='word_1_100' title='bbox 1522 1709 1565 1760; x_wconf 91' lang='lat' dir='ltr'><strong>in-</strong></span> 
     </span>
     <span class='ocr_line' id='line_1_12' title="bbox 362 1799 1564 1884; baseline -0.004 -15"><span class='ocrx_word' id='word_1_101' title='bbox 362 1821 451 1884; x_wconf 84' lang='lat' dir='ltr'><strong>gressi</strong></span> <span class='ocrx_word' id='word_1_102' title='bbox 474 1819 585 1868; x_wconf 90' lang='lat' dir='ltr'><strong>minime</strong></span> <span class='ocrx_word' id='word_1_103' title='bbox 601 1817 690 1879; x_wconf 80' lang='lat' dir='ltr'><strong>Lycei</strong></span> <span class='ocrx_word' id='word_1_104' title='bbox 712 1814 846 1880; x_wconf 81' lang='lat' dir='ltr'><strong>gravitati</strong></span> <span class='ocrx_word' id='word_1_105' title='bbox 869 1811 1019 1862; x_wconf 86' lang='lat' dir='ltr'><strong>convenire</strong></span> <span class='ocrx_word' id='word_1_106' title='bbox 1043 1811 1107 1864; x_wconf 72' lang='lat' dir='ltr'><strong>visa</strong></span> <span class='ocrx_word' id='word_1_107' title='bbox 1129 1799 1173 1866; x_wconf 86' lang='lat' dir='ltr'><strong>est</strong></span> <span class='ocrx_word' id='word_1_108' title='bbox 1199 1816 1256 1882; x_wconf 90' lang='lat' dir='ltr'><strong>sic,</strong></span> <span class='ocrx_word' id='word_1_109' title='bbox 1285 1818 1316 1865; x_wconf 92' lang='lat' dir='ltr'><strong>ut</strong></span> <span class='ocrx_word' id='word_1_110' title='bbox 1334 1809 1395 1880; x_wconf 84' lang='lat' dir='ltr'><strong>ejus</strong></span> <span class='ocrx_word' id='word_1_111' title='bbox 1411 1813 1564 1878; x_wconf 85' lang='lat' dir='ltr'><strong>periculum</strong></span> 
     </span>
     <span class='ocr_line' id='line_1_13' title="bbox 361 1917 1565 1981; baseline -0.005 -9"><span class='ocrx_word' id='word_1_112' title='bbox 361 1922 458 1972; x_wconf 77' lang='lat' dir='ltr'><strong>tacere</strong></span> <span class='ocrx_word' id='word_1_113' title='bbox 475 1921 562 1972; x_wconf 84' lang='lat' dir='ltr'><strong>vellet</strong></span> <span class='ocrx_word' id='word_1_114' title='bbox 578 1921 757 1981; x_wconf 78' lang='lat' dir='ltr'><strong>problemate.</strong></span> <span class='ocrx_word' id='word_1_115' title='bbox 794 1919 831 1968; x_wconf 81' lang='lat' dir='ltr'><strong>At</strong></span> <span class='ocrx_word' id='word_1_116' title='bbox 848 1917 895 1968; x_wconf 89' lang='lat' dir='ltr'><strong>ille</strong></span> <span class='ocrx_word' id='word_1_117' title='bbox 913 1930 972 1968; x_wconf 88' lang='lat' dir='ltr'><strong>rem</strong></span> <span class='ocrx_word' id='word_1_118' title='bbox 989 1918 1148 1974; x_wconf 87' lang='lat' dir='ltr'><strong>universam</strong></span> <span class='ocrx_word' id='word_1_119' title='bbox 1166 1919 1335 1981; x_wconf 87' lang='lat' dir='ltr'><strong>explanando</strong></span> <span class='ocrx_word' id='word_1_120' title='bbox 1354 1930 1416 1969; x_wconf 91' lang='lat' dir='ltr'><strong>cnm</strong></span> <span class='ocrx_word' id='word_1_121' title='bbox 1432 1917 1473 1969; x_wconf 92' lang='lat' dir='ltr'><strong>ita</strong></span> <span class='ocrx_word' id='word_1_122' title='bbox 1490 1920 1565 1968; x_wconf 85' lang='lat' dir='ltr'><strong>esset</strong></span> 
     </span>
     <span class='ocr_line' id='line_1_14' title="bbox 358 2021 1562 2090; baseline -0.003 -14"><span class='ocrx_word' id='word_1_123' title='bbox 358 2027 567 2090; x_wconf 86' lang='lat' dir='ltr'><strong>interpretatus,</strong></span> <span class='ocrx_word' id='word_1_124' title='bbox 586 2027 617 2072; x_wconf 89' lang='lat' dir='ltr'><strong>ut</strong></span> <span class='ocrx_word' id='word_1_125' title='bbox 633 2023 716 2073; x_wconf 86' lang='lat' dir='ltr'><strong>simul</strong></span> <span class='ocrx_word' id='word_1_126' title='bbox 732 2021 878 2083; x_wconf 80' lang='lat' dir='ltr'><strong>plurimam</strong></span> <span class='ocrx_word' id='word_1_127' title='bbox 895 2023 1026 2084; x_wconf 86' lang='lat' dir='ltr'><strong>proderet</strong></span> <span class='ocrx_word' id='word_1_128' title='bbox 1042 2026 1218 2074; x_wconf 76' lang='lat' dir='ltr'><strong>venustatem</strong></span> <span class='ocrx_word' id='word_1_129' title='bbox 1234 2023 1348 2089; x_wconf 81' lang='lat' dir='ltr'><strong>ingenii,</strong></span> <span class='ocrx_word' id='word_1_130' title='bbox 1366 2029 1449 2072; x_wconf 82' lang='lat' dir='ltr'><strong>anum</strong></span> <span class='ocrx_word' id='word_1_131' title='bbox 1466 2021 1493 2070; x_wconf 91' lang='lat' dir='ltr'><strong>ei</strong></span> <span class='ocrx_word' id='word_1_132' title='bbox 1510 2032 1562 2082; x_wconf 90' lang='lat' dir='ltr'><strong>par</strong></span> 
     </span>
     <span class='ocr_line' id='line_1_15' title="bbox 361 2114 1559 2195; baseline -0.003 -15"><span class='ocrx_word' id='word_1_133' title='bbox 361 2129 444 2180; x_wconf 78' lang='lat' dir='ltr'><strong>misit.</strong></span> <span class='ocrx_word' id='word_1_134' title='bbox 479 2127 549 2177; x_wconf 81' lang='lat' dir='ltr'><strong>Erat</strong></span> <span class='ocrx_word' id='word_1_135' title='bbox 569 2128 599 2176; x_wconf 89' lang='lat' dir='ltr'><strong>in</strong></span> <span class='ocrx_word' id='word_1_136' title='bbox 617 2114 845 2195; x_wconf 68' lang='lat' dir='ltr'><strong>carardggio</strong></span> <span class='ocrx_word' id='word_1_137' title='bbox 869 2139 931 2177; x_wconf 92' lang='lat' dir='ltr'><strong>cum</strong></span> <span class='ocrx_word' id='word_1_138' title='bbox 947 2137 1054 2178; x_wconf 82' lang='lat' dir='ltr'><strong>summa</strong></span> <span class='ocrx_word' id='word_1_139' title='bbox 1070 2127 1240 2194; x_wconf 80' lang='lat' dir='ltr'><strong>humanitas,</strong></span> <span class='ocrx_word' id='word_1_140' title='bbox 1269 2129 1328 2176; x_wconf 90' lang='lat' dir='ltr'><strong>tum</strong></span> <span class='ocrx_word' id='word_1_141' title='bbox 1345 2125 1416 2177; x_wconf 89' lang='lat' dir='ltr'><strong>mira</strong></span> <span class='ocrx_word' id='word_1_142' title='bbox 1433 2125 1559 2193; x_wconf 90' lang='lat' dir='ltr'><strong>comitas,</strong></span> 
     </span>
     <span class='ocr_line' id='line_1_16' title="bbox 359 2229 1560 2296; baseline -0.003 -14"><span class='ocrx_word' id='word_1_143' title='bbox 359 2235 391 2282; x_wconf 90' lang='lat' dir='ltr'><strong>ut</strong></span> <span class='ocrx_word' id='word_1_144' title='bbox 407 2244 491 2293; x_wconf 90' lang='lat' dir='ltr'><strong>supra</strong></span> <span class='ocrx_word' id='word_1_145' title='bbox 507 2229 576 2280; x_wconf 86' lang='lat' dir='ltr'><strong>nibil</strong></span> <span class='ocrx_word' id='word_1_146' title='bbox 592 2232 687 2291; x_wconf 87' lang='lat' dir='ltr'><strong>posset</strong></span> <span class='ocrx_word' id='word_1_147' title='bbox 703 2229 776 2279; x_wconf 87' lang='lat' dir='ltr'><strong>addi.</strong></span> <span class='ocrx_word' id='word_1_148' title='bbox 811 2229 899 2294; x_wconf 84' lang='lat' dir='ltr'><strong>lgitur</strong></span> <span class='ocrx_word' id='word_1_149' title='bbox 916 2231 1052 2280; x_wconf 85' lang='lat' dir='ltr'><strong>bominem</strong></span> <span class='ocrx_word' id='word_1_150' title='bbox 1069 2231 1151 2280; x_wconf 90' lang='lat' dir='ltr'><strong>biduo</strong></span> <span class='ocrx_word' id='word_1_151' title='bbox 1168 2233 1231 2292; x_wconf 90' lang='lat' dir='ltr'><strong>post</strong></span> <span class='ocrx_word' id='word_1_152' title='bbox 1248 2230 1387 2296; x_wconf 88' lang='lat' dir='ltr'><strong>convenit,</strong></span> <span class='ocrx_word' id='word_1_153' title='bbox 1406 2232 1435 2281; x_wconf 93' lang='lat' dir='ltr'><strong>et</strong></span> <span class='ocrx_word' id='word_1_154' title='bbox 1452 2240 1513 2280; x_wconf 89' lang='lat' dir='ltr'><strong>cum</strong></span> <span class='ocrx_word' id='word_1_155' title='bbox 1530 2229 1560 2278; x_wconf 86' lang='lat' dir='ltr'><strong>ln</strong></span> 
     </span>
     <span class='ocr_line' id='line_1_17' title="bbox 358 2329 1559 2400; baseline -0.003 -15"><span class='ocrx_word' id='word_1_156' title='bbox 358 2331 421 2400; x_wconf 88' lang='lat' dir='ltr'><strong>ejus</strong></span> <span class='ocrx_word' id='word_1_157' title='bbox 437 2329 548 2385; x_wconf 86' lang='lat' dir='ltr'><strong>laudem</strong></span> <span class='ocrx_word' id='word_1_158' title='bbox 565 2334 651 2383; x_wconf 88' lang='lat' dir='ltr'><strong>multa</strong></span> <span class='ocrx_word' id='word_1_159' title='bbox 669 2333 799 2397; x_wconf 77' lang='lat' dir='ltr'><strong>dixisset,</strong></span> <span class='ocrx_word' id='word_1_160' title='bbox 828 2334 863 2383; x_wconf 87' lang='lat' dir='ltr'><strong>ad</strong></span> <span class='ocrx_word' id='word_1_161' title='bbox 886 2337 1038 2383; x_wconf 83' lang='lat' dir='ltr'><strong>extremum</strong></span> <span class='ocrx_word' id='word_1_162' title='bbox 1056 2333 1221 2384; x_wconf 81' lang='lat' dir='ltr'><strong>amicissime</strong></span> <span class='ocrx_word' id='word_1_163' title='bbox 1238 2332 1406 2400; x_wconf 78' lang='lat' dir='ltr'><strong>declaravit,</strong></span> <span class='ocrx_word' id='word_1_164' title='bbox 1435 2331 1559 2384; x_wconf 86' lang='lat' dir='ltr'><strong>voluisse</strong></span> 
     </span>
     <span class='ocr_line' id='line_1_18' title="bbox 358 2413 1557 2503; baseline -0.003 -13"><span class='ocrx_word' id='word_1_165' title='bbox 358 2452 390 2490; x_wconf 84' lang='lat' dir='ltr'><strong>ee</strong></span> <span class='ocrx_word' id='word_1_166' title='bbox 408 2433 469 2503; x_wconf 83' lang='lat' dir='ltr'><strong>ejus</strong></span> <span class='ocrx_word' id='word_1_167' title='bbox 486 2435 639 2498; x_wconf 87' lang='lat' dir='ltr'><strong>periclitari</strong></span> <span class='ocrx_word' id='word_1_168' title='bbox 655 2437 804 2502; x_wconf 84' lang='lat' dir='ltr'><strong>ingenium.</strong></span> <span class='ocrx_word' id='word_1_169' title='bbox 840 2413 920 2486; x_wconf 69' lang='lat' dir='ltr'><strong>Nemo</strong></span> <span class='ocrx_word' id='word_1_170' title='bbox 938 2437 1066 2499; x_wconf 87' lang='lat' dir='ltr'><strong>quoniam</strong></span> <span class='ocrx_word' id='word_1_171' title='bbox 1083 2438 1197 2487; x_wconf 85' lang='lat' dir='ltr'><strong>baberet</strong></span> <span class='ocrx_word' id='word_1_172' title='bbox 1213 2437 1304 2487; x_wconf 82' lang='lat' dir='ltr'><strong>virum</strong></span> <span class='ocrx_word' id='word_1_173' title='bbox 1320 2434 1455 2502; x_wconf 83' lang='lat' dir='ltr'><strong>gratulari</strong></span> <span class='ocrx_word' id='word_1_174' title='bbox 1472 2435 1557 2499; x_wconf 89' lang='lat' dir='ltr'><strong>pluri-</strong></span> 
     </span>
     <span class='ocr_line' id='line_1_19' title="bbox 356 2539 1554 2608; baseline -0.003 -14"><span class='ocrx_word' id='word_1_175' title='bbox 356 2556 440 2608; x_wconf 91' lang='lat' dir='ltr'><strong>mum,</strong></span> <span class='ocrx_word' id='word_1_176' title='bbox 458 2545 515 2590; x_wconf 90' lang='lat' dir='ltr'><strong>tum</strong></span> <span class='ocrx_word' id='word_1_177' title='bbox 532 2553 604 2590; x_wconf 88' lang='lat' dir='ltr'><strong>vero</strong></span> <span class='ocrx_word' id='word_1_178' title='bbox 618 2541 769 2604; x_wconf 86' lang='lat' dir='ltr'><strong>postulare,</strong></span> <span class='ocrx_word' id='word_1_179' title='bbox 787 2540 827 2589; x_wconf 92' lang='lat' dir='ltr'><strong>uti</strong></span> <span class='ocrx_word' id='word_1_180' title='bbox 845 2540 959 2588; x_wconf 85' lang='lat' dir='ltr'><strong>missum</strong></span> <span class='ocrx_word' id='word_1_181' title='bbox 977 2539 1133 2591; x_wconf 84' lang='lat' dir='ltr'><strong>declareret</strong></span> <span class='ocrx_word' id='word_1_182' title='bbox 1147 2541 1289 2602; x_wconf 80' lang='lat' dir='ltr'><strong>problema</strong></span> <span class='ocrx_word' id='word_1_183' title='bbox 1305 2541 1378 2590; x_wconf 87' lang='lat' dir='ltr'><strong>baud</strong></span> <span class='ocrx_word' id='word_1_184' title='bbox 1395 2551 1483 2603; x_wconf 88' lang='lat' dir='ltr'><strong>aeque</strong></span> <span class='ocrx_word' id='word_1_185' title='bbox 1501 2539 1554 2590; x_wconf 91' lang='lat' dir='ltr'><strong>sibi</strong></span> 
     </span>
     <span class='ocr_line' id='line_1_20' title="bbox 355 2641 1554 2711; baseline -0.003 -15"><span class='ocrx_word' id='word_1_186' title='bbox 355 2644 537 2709; x_wconf 85' lang='lat' dir='ltr'><strong>perspectum.</strong></span> <span class='ocrx_word' id='word_1_187' title='bbox 573 2643 629 2694; x_wconf 75' lang='lat' dir='ltr'><strong>Sed</strong></span> <span class='ocrx_word' id='word_1_188' title='bbox 645 2645 735 2693; x_wconf 86' lang='lat' dir='ltr'><strong>istinc</strong></span> <span class='ocrx_word' id='word_1_189' title='bbox 751 2644 833 2707; x_wconf 83' lang='lat' dir='ltr'><strong>longe</strong></span> <span class='ocrx_word' id='word_1_190' title='bbox 851 2643 906 2693; x_wconf 92' lang='lat' dir='ltr'><strong>alio</strong></span> <span class='ocrx_word' id='word_1_191' title='bbox 924 2643 1083 2711; x_wconf 85' lang='lat' dir='ltr'><strong>spectabat,</strong></span> <span class='ocrx_word' id='word_1_192' title='bbox 1108 2655 1188 2707; x_wconf 88' lang='lat' dir='ltr'><strong>quam</strong></span> <span class='ocrx_word' id='word_1_193' title='bbox 1205 2644 1352 2694; x_wconf 87' lang='lat' dir='ltr'><strong>videbatur</strong></span> <span class='ocrx_word' id='word_1_194' title='bbox 1368 2641 1462 2709; x_wconf 91' lang='lat' dir='ltr'><strong>initio,</strong></span> <span class='ocrx_word' id='word_1_195' title='bbox 1482 2644 1554 2706; x_wconf 85' lang='lat' dir='ltr'><strong>quod</strong></span> 
     </span>
     <span class='ocr_line' id='line_1_21' title="bbox 354 2745 1553 2813; baseline -0.002 -15"><span class='ocrx_word' id='word_1_196' title='bbox 354 2749 506 2798; x_wconf 89' lang='lat' dir='ltr'><strong>mediarum</strong></span> <span class='ocrx_word' id='word_1_197' title='bbox 512 2780 521 2812; x_wconf 92' lang='lat'><strong>,</strong></span> <span class='ocrx_word' id='word_1_198' title='bbox 550 2758 618 2808; x_wconf 85' lang='lat' dir='ltr'><strong>quas</strong></span> <span class='ocrx_word' id='word_1_199' title='bbox 639 2745 859 2813; x_wconf 83' lang='lat' dir='ltr'><strong>proportionales</strong></span> <span class='ocrx_word' id='word_1_200' title='bbox 881 2749 999 2813; x_wconf 84' lang='lat' dir='ltr'><strong>vocant,</strong></span> <span class='ocrx_word' id='word_1_201' title='bbox 1029 2745 1154 2810; x_wconf 86' lang='lat' dir='ltr'><strong>quaestio</strong></span> <span class='ocrx_word' id='word_1_202' title='bbox 1178 2747 1280 2798; x_wconf 89' lang='lat' dir='ltr'><strong>callido</strong></span> <span class='ocrx_word' id='word_1_203' title='bbox 1298 2749 1360 2798; x_wconf 88' lang='lat' dir='ltr'><strong>erat</strong></span> <span class='ocrx_word' id='word_1_204' title='bbox 1376 2747 1492 2798; x_wconf 92' lang='lat' dir='ltr'><strong>consilio</strong></span> <span class='ocrx_word' id='word_1_205' title='bbox 1510 2747 1553 2797; x_wconf 86' lang='lat' dir='ltr'><strong>in-</strong></span> 
     </span>
    </p>
   </div>
   <div class='ocr_carea' id='block_1_5' title="bbox 350 2823 1553 2917">
    <p class='ocr_par' dir='ltr' id='par_1_5' title="bbox 350 2823 1553 2917">
     <span class='ocr_line' id='line_1_22' title="bbox 350 2823 1553 2917; baseline -0.002 -14"><span class='ocrx_word' id='word_1_206' title='bbox 350 2849 438 2917; x_wconf 79' lang='lat' dir='ltr'><strong>jecta</strong></span> <span class='ocrx_word' id='word_1_207' title='bbox 474 2851 562 2914; x_wconf 82' lang='lat' dir='ltr'><strong>Igitur</strong></span> <span class='ocrx_word' id='word_1_208' title='bbox 579 2861 661 2912; x_wconf 87' lang='lat' dir='ltr'><strong>quam</strong></span> <span class='ocrx_word' id='word_1_209' title='bbox 678 2823 912 2909; x_wconf 84' lang='lat' dir='ltr'><strong>impeditissimum</strong></span> <span class='ocrx_word' id='word_1_210' title='bbox 930 2853 1005 2916; x_wconf 89' lang='lat' dir='ltr'><strong>erat,</strong></span> <span class='ocrx_word' id='word_1_211' title='bbox 1023 2851 1064 2902; x_wconf 84' lang='lat' dir='ltr'><strong>lta</strong></span> <span class='ocrx_word' id='word_1_212' title='bbox 1081 2853 1111 2900; x_wconf 91' lang='lat' dir='ltr'><strong>ut</strong></span> <span class='ocrx_word' id='word_1_213' title='bbox 1128 2851 1222 2900; x_wconf 88' lang='lat' dir='ltr'><strong>evolvi</strong></span> <span class='ocrx_word' id='word_1_214' title='bbox 1239 2862 1293 2901; x_wconf 88' lang='lat' dir='ltr'><strong>non</strong></span> <span class='ocrx_word' id='word_1_215' title='bbox 1310 2853 1413 2913; x_wconf 86' lang='lat' dir='ltr'><strong>posset.</strong></span> <span class='ocrx_word' id='word_1_216' title='bbox 1450 2851 1553 2901; x_wconf 82' lang='lat' dir='ltr'><strong>Postea</strong></span> 
     </span>
    </p>
   </div>
   <div class='ocr_carea' id='block_1_6' title="bbox 328 2951 1552 3314">
    <p class='ocr_par' dir='ltr' id='par_1_6' title="bbox 354 2951 1552 3123">
     <span class='ocr_line' id='line_1_23' title="bbox 358 2951 1552 3021; baseline -0.001 -16"><span class='ocrx_word' id='word_1_217' title='bbox 358 2952 603 3016; x_wconf 81' lang='lat' dir='ltr'><strong>caravaggius</strong></span> <span class='ocrx_word' id='word_1_218' title='bbox 625 2954 761 3001; x_wconf 89' lang='lat' dir='ltr'><strong>neminem</strong></span> <span class='ocrx_word' id='word_1_219' title='bbox 784 2952 906 3021; x_wconf 86' lang='lat' dir='ltr'><strong>amicitia</strong></span> <span class='ocrx_word' id='word_1_220' title='bbox 929 2953 1065 3004; x_wconf 87' lang='lat' dir='ltr'><strong>antetulit.</strong></span> <span class='ocrx_word' id='word_1_221' title='bbox 1101 2953 1160 3014; x_wconf 78' lang='lat' dir='ltr'><strong>Quo</strong></span> <span class='ocrx_word' id='word_1_222' title='bbox 1178 2951 1357 3021; x_wconf 78' lang='lat' dir='ltr'><strong>factumest,</strong></span> <span class='ocrx_word' id='word_1_223' title='bbox 1383 2956 1414 3004; x_wconf 87' lang='lat' dir='ltr'><strong>ut</strong></span> <span class='ocrx_word' id='word_1_224' title='bbox 1431 2953 1476 3004; x_wconf 87' lang='lat' dir='ltr'><strong>vir</strong></span> <span class='ocrx_word' id='word_1_225' title='bbox 1493 2965 1552 3006; x_wconf 91' lang='lat' dir='ltr'><strong>om·</strong></span> 
     </span>
     <span class='ocr_line' id='line_1_24' title="bbox 354 3051 1549 3123; baseline -0.003 -14"><span class='ocrx_word' id='word_1_226' title='bbox 354 3058 429 3109; x_wconf 91' lang='lat' dir='ltr'><strong>nium</strong></span> <span class='ocrx_word' id='word_1_227' title='bbox 446 3055 573 3117; x_wconf 90' lang='lat' dir='ltr'><strong>opinione</strong></span> <span class='ocrx_word' id='word_1_228' title='bbox 591 3066 720 3120; x_wconf 84' lang='lat' dir='ltr'><strong>magnus,</strong></span> <span class='ocrx_word' id='word_1_229' title='bbox 740 3051 819 3118; x_wconf 75' lang='lat' dir='ltr'><strong>cujum</strong></span> <span class='ocrx_word' id='word_1_230' title='bbox 837 3056 909 3105; x_wconf 91' lang='lat' dir='ltr'><strong>omni</strong></span> <span class='ocrx_word' id='word_1_231' title='bbox 928 3057 955 3105; x_wconf 89' lang='lat' dir='ltr'><strong>in</strong></span> <span class='ocrx_word' id='word_1_232' title='bbox 972 3057 1083 3118; x_wconf 87' lang='lat' dir='ltr'><strong>Europa</strong></span> <span class='ocrx_word' id='word_1_233' title='bbox 1099 3069 1199 3106; x_wconf 90' lang='lat' dir='ltr'><strong>nomen</strong></span> <span class='ocrx_word' id='word_1_234' title='bbox 1217 3059 1278 3108; x_wconf 86' lang='lat' dir='ltr'><strong>erat</strong></span> <span class='ocrx_word' id='word_1_235' title='bbox 1294 3057 1413 3108; x_wconf 86' lang='lat' dir='ltr'><strong>maxime</strong></span> <span class='ocrx_word' id='word_1_236' title='bbox 1431 3057 1549 3123; x_wconf 85' lang='lat' dir='ltr'><strong>illustre,</strong></span> 
     </span>
    </p>

    <p class='ocr_par' dir='ltr' id='par_1_7' title="bbox 328 3151 1551 3314">
     <span class='ocr_line' id='line_1_25' title="bbox 328 3151 1551 3228; baseline 0 -19"><span class='ocrx_word' id='word_1_237' title='bbox 328 3158 332 3166; x_wconf 81' lang='grc'><strong>“</strong></span> <span class='ocrx_word' id='word_1_238' title='bbox 353 3161 417 3210; x_wconf 82' lang='lat' dir='ltr'><strong>nuic</strong></span> <span class='ocrx_word' id='word_1_239' title='bbox 435 3169 528 3208; x_wconf 87' lang='lat' dir='ltr'><strong>omnes</strong></span> <span class='ocrx_word' id='word_1_240' title='bbox 542 3151 640 3220; x_wconf 77' lang='lat' dir='ltr'><strong>jiivem</strong></span> <span class='ocrx_word' id='word_1_241' title='bbox 658 3161 776 3209; x_wconf 85' lang='lat' dir='ltr'><strong>bonores</strong></span> <span class='ocrx_word' id='word_1_242' title='bbox 793 3159 943 3227; x_wconf 87' lang='lat' dir='ltr'><strong>tribueret,</strong></span> <span class='ocrx_word' id='word_1_243' title='bbox 961 3159 1047 3212; x_wconf 89' lang='lat' dir='ltr'><strong>libros</strong></span> <span class='ocrx_word' id='word_1_244' title='bbox 1064 3161 1244 3228; x_wconf 85' lang='lat' dir='ltr'><strong>inscriberet,</strong></span> <span class='ocrx_word' id='word_1_245' title='bbox 1270 3162 1298 3212; x_wconf 90' lang='lat' dir='ltr'><strong>et</strong></span> <span class='ocrx_word' id='word_1_246' title='bbox 1316 3171 1378 3211; x_wconf 91' lang='lat' dir='ltr'><strong>eum</strong></span> <span class='ocrx_word' id='word_1_247' title='bbox 1395 3163 1489 3212; x_wconf 86' lang='lat' dir='ltr'><strong>notum</strong></span> <span class='ocrx_word' id='word_1_248' title='bbox 1506 3159 1551 3210; x_wconf 84' lang='lat' dir='ltr'><strong>ie-</strong></span> 
     </span>
     <span class='ocr_line' id='line_1_26' title="bbox 354 3261 711 3314; baseline -0.011 0"><span class='ocrx_word' id='word_1_249' title='bbox 354 3275 419 3314; x_wconf 88' lang='lat' dir='ltr'><strong>cere</strong></span> <span class='ocrx_word' id='word_1_250' title='bbox 437 3261 561 3312; x_wconf 82' lang='lat' dir='ltr'><strong>omnibus</strong></span> <span class='ocrx_word' id='word_1_251' title='bbox 578 3263 711 3312; x_wconf 85' lang='lat' dir='ltr'><strong>studeret.</strong></span> 
     </span>
    </p>
   </div>
   <div class='ocr_carea' id='block_1_7' title="bbox 294 3386 1550 4692">
    <p class='ocr_par' dir='ltr' id='par_1_8' title="bbox 325 3386 1550 3870">
     <span class='ocr_line' id='line_1_27' title="bbox 325 3386 1549 3456; baseline 0.006 -21"><span class='ocrx_word' id='word_1_252' title='bbox 325 3392 328 3396; x_wconf 86' lang='lat'>&#39;</span> <span class='ocrx_word' id='word_1_253' title='bbox 423 3387 455 3436; x_wconf 89' lang='lat' dir='ltr'><strong>ln</strong></span> <span class='ocrx_word' id='word_1_254' title='bbox 479 3386 555 3435; x_wconf 83' lang='lat' dir='ltr'><strong>bisce</strong></span> <span class='ocrx_word' id='word_1_255' title='bbox 577 3391 706 3435; x_wconf 85' lang='lat' dir='ltr'><strong>versatus</strong></span> <span class='ocrx_word' id='word_1_256' title='bbox 729 3391 772 3436; x_wconf 88' lang='lat' dir='ltr'><strong>est</strong></span> <span class='ocrx_word' id='word_1_257' title='bbox 795 3387 892 3436; x_wconf 87' lang='lat' dir='ltr'><strong>studiis</strong></span> <span class='ocrx_word' id='word_1_258' title='bbox 916 3399 1002 3438; x_wconf 87' lang='lat' dir='ltr'><strong>annos</strong></span> <span class='ocrx_word' id='word_1_259' title='bbox 1026 3387 1142 3450; x_wconf 88' lang='lat' dir='ltr'><strong>amplius</strong></span> <span class='ocrx_word' id='word_1_260' title='bbox 1165 3390 1347 3456; x_wconf 81' lang='lat' dir='ltr'><strong>quadraginta</strong></span> <span class='ocrx_word' id='word_1_261' title='bbox 1370 3395 1399 3443; x_wconf 91' lang='lat' dir='ltr'><strong>et</strong></span> <span class='ocrx_word' id='word_1_262' title='bbox 1416 3393 1549 3456; x_wconf 77' lang='lat' dir='ltr'><strong>quinque3</strong></span> 
     </span>
     <span class='ocr_line' id='line_1_28' title="bbox 355 3477 1550 3558; baseline 0.003 -17"><span class='ocrx_word' id='word_1_263' title='bbox 355 3505 409 3554; x_wconf 89' lang='lat' dir='ltr'><strong>quo</strong></span> <span class='ocrx_word' id='word_1_264' title='bbox 426 3490 558 3551; x_wconf 87' lang='lat' dir='ltr'><strong>temporis</strong></span> <span class='ocrx_word' id='word_1_265' title='bbox 574 3490 663 3548; x_wconf 86' lang='lat' dir='ltr'><strong>spatio</strong></span> <span class='ocrx_word' id='word_1_266' title='bbox 681 3490 767 3539; x_wconf 78' lang='lat' dir='ltr'><strong>midta</strong></span> <span class='ocrx_word' id='word_1_267' title='bbox 784 3477 884 3555; x_wconf 87' lang='lat' dir='ltr'><strong>edidit,</strong></span> <span class='ocrx_word' id='word_1_268' title='bbox 914 3503 984 3554; x_wconf 87' lang='lat' dir='ltr'><strong>quae</strong></span> <span class='ocrx_word' id='word_1_269' title='bbox 1003 3493 1056 3541; x_wconf 85' lang='lat' dir='ltr'><strong>etsi</strong></span> <span class='ocrx_word' id='word_1_270' title='bbox 1073 3493 1204 3542; x_wconf 84' lang='lat' dir='ltr'><strong>brevibus</strong></span> <span class='ocrx_word' id='word_1_271' title='bbox 1220 3498 1284 3545; x_wconf 90' lang='lat' dir='ltr'><strong>sunt</strong></span> <span class='ocrx_word' id='word_1_272' title='bbox 1300 3493 1484 3558; x_wconf 87' lang='lat' dir='ltr'><strong>voluminibus</strong></span> <span class='ocrx_word' id='word_1_273' title='bbox 1502 3507 1550 3544; x_wconf 83' lang='lat' dir='ltr'><strong>ex-</strong></span> 
     </span>
     <span class='ocr_line' id='line_1_29' title="bbox 351 3587 1548 3664; baseline 0.003 -21"><span class='ocrx_word' id='word_1_274' title='bbox 351 3595 471 3659; x_wconf 89' lang='lat' dir='ltr'><strong>plicata,</strong></span> <span class='ocrx_word' id='word_1_275' title='bbox 497 3594 528 3640; x_wconf 90' lang='lat' dir='ltr'><strong>ut</strong></span> <span class='ocrx_word' id='word_1_276' title='bbox 550 3591 608 3640; x_wconf 88' lang='lat' dir='ltr'><strong>alia</strong></span> <span class='ocrx_word' id='word_1_277' title='bbox 630 3587 690 3654; x_wconf 86' lang='lat' dir='ltr'><strong>ejus</strong></span> <span class='ocrx_word' id='word_1_278' title='bbox 708 3592 855 3652; x_wconf 82' lang='lat' dir='ltr'><strong>pleraque3</strong></span> <span class='ocrx_word' id='word_1_279' title='bbox 880 3603 945 3642; x_wconf 89' lang='lat' dir='ltr'><strong>nam</strong></span> <span class='ocrx_word' id='word_1_280' title='bbox 962 3592 1138 3647; x_wconf 83' lang='lat' dir='ltr'><strong>existimabat</strong></span> <span class='ocrx_word' id='word_1_281' title='bbox 1155 3599 1207 3647; x_wconf 88' lang='lat' dir='ltr'><strong>hoc</strong></span> <span class='ocrx_word' id='word_1_282' title='bbox 1224 3609 1257 3647; x_wconf 91' lang='lat' dir='ltr'><strong>eo</strong></span> <span class='ocrx_word' id='word_1_283' title='bbox 1275 3596 1386 3664; x_wconf 85' lang='lat' dir='ltr'><strong>valere,</strong></span> <span class='ocrx_word' id='word_1_284' title='bbox 1413 3600 1443 3646; x_wconf 88' lang='lat' dir='ltr'><strong>nt</strong></span> <span class='ocrx_word' id='word_1_285' title='bbox 1459 3610 1548 3660; x_wconf 90' lang='lat' dir='ltr'><strong>neque</strong></span> 
     </span>
     <span class='ocr_line' id='line_1_30' title="bbox 350 3696 1548 3766; baseline 0.005 -20"><span class='ocrx_word' id='word_1_286' title='bbox 350 3697 436 3747; x_wconf 91' lang='lat' dir='ltr'><strong>multo</strong></span> <span class='ocrx_word' id='word_1_287' title='bbox 459 3696 610 3744; x_wconf 88' lang='lat' dir='ltr'><strong>babeantur</strong></span> <span class='ocrx_word' id='word_1_288' title='bbox 634 3705 716 3759; x_wconf 90' lang='lat' dir='ltr'><strong>aere,</strong></span> <span class='ocrx_word' id='word_1_289' title='bbox 745 3700 960 3766; x_wconf 85' lang='lat' dir='ltr'><strong>occurraturque</strong></span> <span class='ocrx_word' id='word_1_290' title='bbox 990 3698 1111 3748; x_wconf 87' lang='lat' dir='ltr'><strong>satietati</strong></span> <span class='ocrx_word' id='word_1_291' title='bbox 1138 3699 1288 3750; x_wconf 85' lang='lat' dir='ltr'><strong>lectorum:</strong></span> <span class='ocrx_word' id='word_1_292' title='bbox 1316 3700 1430 3752; x_wconf 88' lang='lat' dir='ltr'><strong>multam</strong></span> <span class='ocrx_word' id='word_1_293' title='bbox 1455 3705 1548 3752; x_wconf 88' lang='lat' dir='ltr'><strong>tamen</strong></span> 
     </span>
     <span class='ocr_line' id='line_1_31' title="bbox 350 3799 1543 3870; baseline 0.003 -20"><span class='ocrx_word' id='word_1_294' title='bbox 350 3799 460 3851; x_wconf 87' lang='lat' dir='ltr'><strong>laudem</strong></span> <span class='ocrx_word' id='word_1_295' title='bbox 484 3801 583 3860; x_wconf 86' lang='lat' dir='ltr'><strong>adepta</strong></span> <span class='ocrx_word' id='word_1_296' title='bbox 605 3800 668 3846; x_wconf 82' lang='lat' dir='ltr'><strong>sumt</strong></span> <span class='ocrx_word' id='word_1_297' title='bbox 690 3801 802 3859; x_wconf 88' lang='lat' dir='ltr'><strong>propter</strong></span> <span class='ocrx_word' id='word_1_298' title='bbox 823 3811 916 3848; x_wconf 91' lang='lat' dir='ltr'><strong>rerum</strong></span> <span class='ocrx_word' id='word_1_299' title='bbox 937 3800 1098 3852; x_wconf 83' lang='lat' dir='ltr'><strong>novitatem.</strong></span> <span class='ocrx_word' id='word_1_300' title='bbox 1134 3805 1224 3866; x_wconf 84' lang='lat' dir='ltr'><strong>Atque</strong></span> <span class='ocrx_word' id='word_1_301' title='bbox 1241 3803 1270 3852; x_wconf 89' lang='lat' dir='ltr'><strong>in</strong></span> <span class='ocrx_word' id='word_1_302' title='bbox 1286 3803 1329 3852; x_wconf 83' lang='lat' dir='ltr'><strong>lrls</strong></span> <span class='ocrx_word' id='word_1_303' title='bbox 1347 3805 1390 3853; x_wconf 88' lang='lat' dir='ltr'><strong>est</strong></span> <span class='ocrx_word' id='word_1_304' title='bbox 1408 3805 1543 3870; x_wconf 88' lang='lat' dir='ltr'><strong>quaestio,</strong></span> 
     </span>
    </p>

    <p class='ocr_par' dir='ltr' id='par_1_9' title="bbox 294 3902 1547 3972">
     <span class='ocr_line' id='line_1_32' title="bbox 294 3902 1547 3972; baseline 0.004 -20"><span class='ocrx_word' id='word_1_305' title='bbox 294 3969 297 3972; x_wconf 8' lang='grc' dir='ltr'><strong><em>ἢ</em></strong></span> <span class='ocrx_word' id='word_1_306' title='bbox 349 3916 421 3966; x_wconf 89' lang='lat' dir='ltr'><strong>quae</strong></span> <span class='ocrx_word' id='word_1_307' title='bbox 433 3902 553 3964; x_wconf 86' lang='lat' dir='ltr'><strong>disputat</strong></span> <span class='ocrx_word' id='word_1_308' title='bbox 564 3904 598 3952; x_wconf 94' lang='lat' dir='ltr'><strong>de</strong></span> <span class='ocrx_word' id='word_1_309' title='bbox 609 3903 638 3951; x_wconf 89' lang='lat' dir='ltr'><strong>vi</strong></span> <span class='ocrx_word' id='word_1_310' title='bbox 656 3903 816 3963; x_wconf 85' lang='lat' dir='ltr'><strong>corporibus</strong></span> <span class='ocrx_word' id='word_1_311' title='bbox 832 3904 919 3954; x_wconf 86' lang='lat' dir='ltr'><strong>indita</strong></span> <span class='ocrx_word' id='word_1_312' title='bbox 936 3916 953 3954; x_wconf 91' lang='lat' dir='ltr'><strong>a</strong></span> <span class='ocrx_word' id='word_1_313' title='bbox 970 3908 1085 3970; x_wconf 88' lang='lat' dir='ltr'><strong>natura,</strong></span> <span class='ocrx_word' id='word_1_314' title='bbox 1103 3908 1133 3954; x_wconf 90' lang='lat' dir='ltr'><strong>ut</strong></span> <span class='ocrx_word' id='word_1_315' title='bbox 1149 3907 1277 3955; x_wconf 81' lang='lat' dir='ltr'><strong>ferantur</strong></span> <span class='ocrx_word' id='word_1_316' title='bbox 1285 3907 1412 3956; x_wconf 87' lang='lat' dir='ltr'><strong>deorsum</strong></span> <span class='ocrx_word' id='word_1_317' title='bbox 1431 3919 1466 3957; x_wconf 87' lang='lat' dir='ltr'><strong>ac</strong></span> <span class='ocrx_word' id='word_1_318' title='bbox 1482 3921 1547 3969; x_wconf 92' lang='lat' dir='ltr'><strong>per-</strong></span> 
     </span>
    </p>

    <p class='ocr_par' dir='ltr' id='par_1_10' title="bbox 348 3981 1544 4072">
     <span class='ocr_line' id='line_1_33' title="bbox 348 3981 1544 4072; baseline 0.007 -18"><span class='ocrx_word' id='word_1_319' title='bbox 348 4009 430 4066; x_wconf 90' lang='lat' dir='ltr'><strong>petuo</strong></span> <span class='ocrx_word' id='word_1_320' title='bbox 448 4007 584 4070; x_wconf 88' lang='lat' dir='ltr'><strong>nitantur,</strong></span> <span class='ocrx_word' id='word_1_321' title='bbox 613 4019 694 4070; x_wconf 89' lang='lat' dir='ltr'><strong>quam</strong></span> <span class='ocrx_word' id='word_1_322' title='bbox 713 4008 878 4072; x_wconf 86' lang='lat' dir='ltr'><strong>gravitatem</strong></span> <span class='ocrx_word' id='word_1_323' title='bbox 897 4017 1038 4056; x_wconf 89' lang='lat' dir='ltr'><strong>vocamus.</strong></span> <span class='ocrx_word' id='word_1_324' title='bbox 1075 4009 1134 4068; x_wconf 80' lang='lat' dir='ltr'><strong>Quo</strong></span> <span class='ocrx_word' id='word_1_325' title='bbox 1152 4009 1181 4058; x_wconf 90' lang='lat' dir='ltr'><strong>in</strong></span> <span class='ocrx_word' id='word_1_326' title='bbox 1198 4021 1299 4072; x_wconf 78' lang='lat' dir='ltr'><strong>genere</strong></span> <span class='ocrx_word' id='word_1_327' title='bbox 1318 3981 1459 4062; x_wconf 80' lang='lat' dir='ltr'><strong>constituit</strong></span> <span class='ocrx_word' id='word_1_328' title='bbox 1477 4023 1544 4062; x_wconf 86' lang='lat' dir='ltr'><strong>una-</strong></span> 
     </span>
    </p>

    <p class='ocr_par' dir='ltr' id='par_1_11' title="bbox 348 4109 1545 4382">
     <span class='ocr_line' id='line_1_34' title="bbox 348 4109 1545 4174; baseline 0.007 -17"><span class='ocrx_word' id='word_1_329' title='bbox 348 4122 473 4172; x_wconf 87' lang='lat' dir='ltr'><strong>quaeque</strong></span> <span class='ocrx_word' id='word_1_330' title='bbox 495 4111 615 4160; x_wconf 82' lang='lat' dir='ltr'><strong>invicem</strong></span> <span class='ocrx_word' id='word_1_331' title='bbox 637 4109 724 4174; x_wconf 80' lang='lat' dir='ltr'><strong>ferri,</strong></span> <span class='ocrx_word' id='word_1_332' title='bbox 750 4109 874 4170; x_wconf 82' lang='lat' dir='ltr'><strong>interque</strong></span> <span class='ocrx_word' id='word_1_333' title='bbox 896 4121 930 4158; x_wconf 86' lang='lat' dir='ltr'><strong>ae</strong></span> <span class='ocrx_word' id='word_1_334' title='bbox 952 4111 1028 4170; x_wconf 84' lang='lat' dir='ltr'><strong>rapi:</strong></span> <span class='ocrx_word' id='word_1_335' title='bbox 1054 4123 1089 4160; x_wconf 87' lang='lat' dir='ltr'><strong>ea</strong></span> <span class='ocrx_word' id='word_1_336' title='bbox 1111 4114 1204 4162; x_wconf 74' lang='lat' dir='ltr'><strong>etitem</strong></span> <span class='ocrx_word' id='word_1_337' title='bbox 1227 4123 1372 4174; x_wconf 82' lang='lat' dir='ltr'><strong>corporum</strong></span> <span class='ocrx_word' id='word_1_338' title='bbox 1389 4113 1491 4164; x_wconf 86' lang='lat' dir='ltr'><strong>virtute</strong></span> <span class='ocrx_word' id='word_1_339' title='bbox 1509 4116 1545 4165; x_wconf 90' lang='lat' dir='ltr'><strong>ad</strong></span> 
     </span>
     <span class='ocr_line' id='line_1_35' title="bbox 348 4196 1545 4279; baseline 0.001 -17"><span class='ocrx_word' id='word_1_340' title='bbox 348 4213 472 4262; x_wconf 79' lang='lat' dir='ltr'><strong>vicissim</strong></span> <span class='ocrx_word' id='word_1_341' title='bbox 495 4214 707 4277; x_wconf 86' lang='lat' dir='ltr'><strong>occurrendum,</strong></span> <span class='ocrx_word' id='word_1_342' title='bbox 734 4213 858 4261; x_wconf 90' lang='lat' dir='ltr'><strong>omnibus</strong></span> <span class='ocrx_word' id='word_1_343' title='bbox 880 4213 962 4260; x_wconf 87' lang='lat' dir='ltr'><strong>rebus</strong></span> <span class='ocrx_word' id='word_1_344' title='bbox 985 4214 1021 4262; x_wconf 87' lang='lat' dir='ltr'><strong>ad</strong></span> <span class='ocrx_word' id='word_1_345' title='bbox 1036 4196 1125 4264; x_wconf 81' lang='lat' dir='ltr'><strong>librae</strong></span> <span class='ocrx_word' id='word_1_346' title='bbox 1142 4215 1219 4278; x_wconf 86' lang='lat' dir='ltr'><strong>leges</strong></span> <span class='ocrx_word' id='word_1_347' title='bbox 1237 4214 1379 4279; x_wconf 82' lang='lat' dir='ltr'><strong>expensis,</strong></span> <span class='ocrx_word' id='word_1_348' title='bbox 1406 4215 1545 4264; x_wconf 87' lang='lat' dir='ltr'><strong>contendit</strong></span> 
     </span>
     <span class='ocr_line' id='line_1_36' title="bbox 349 4315 1540 4382; baseline 0.003 -18"><span class='ocrx_word' id='word_1_349' title='bbox 349 4315 476 4378; x_wconf 81' lang='lat' dir='ltr'><strong>quiddam</strong></span> <span class='ocrx_word' id='word_1_350' title='bbox 494 4316 611 4366; x_wconf 87' lang='lat' dir='ltr'><strong>obtineri</strong></span> <span class='ocrx_word' id='word_1_351' title='bbox 628 4316 721 4378; x_wconf 89' lang='lat' dir='ltr'><strong>puncti</strong></span> <span class='ocrx_word' id='word_1_352' title='bbox 739 4317 842 4381; x_wconf 88' lang='lat' dir='ltr'><strong>instar,</strong></span> <span class='ocrx_word' id='word_1_353' title='bbox 861 4317 933 4379; x_wconf 90' lang='lat' dir='ltr'><strong>quod</strong></span> <span class='ocrx_word' id='word_1_354' title='bbox 950 4329 1091 4366; x_wconf 90' lang='lat' dir='ltr'><strong>commune</strong></span> <span class='ocrx_word' id='word_1_355' title='bbox 1109 4317 1235 4382; x_wconf 85' lang='lat' dir='ltr'><strong>gravium</strong></span> <span class='ocrx_word' id='word_1_356' title='bbox 1254 4321 1376 4366; x_wconf 88' lang='lat' dir='ltr'><strong>centrum</strong></span> <span class='ocrx_word' id='word_1_357' title='bbox 1393 4317 1540 4380; x_wconf 85' lang='lat' dir='ltr'><strong>appellant.</strong></span> 
     </span>
    </p>

    <p class='ocr_par' dir='ltr' id='par_1_12' title="bbox 346 4400 1542 4485">
     <span class='ocr_line' id='line_1_37' title="bbox 346 4400 1542 4485; baseline 0.001 -16"><span class='ocrx_word' id='word_1_358' title='bbox 346 4420 424 4480; x_wconf 76' lang='lat' dir='ltr'><strong>Quae</strong></span> <span class='ocrx_word' id='word_1_359' title='bbox 442 4400 592 4470; x_wconf 80' lang='lat' dir='ltr'><strong>rationum</strong></span> <span class='ocrx_word' id='word_1_360' title='bbox 611 4424 722 4481; x_wconf 90' lang='lat' dir='ltr'><strong>propter</strong></span> <span class='ocrx_word' id='word_1_361' title='bbox 738 4420 781 4468; x_wconf 91' lang='lat' dir='ltr'><strong>rei</strong></span> <span class='ocrx_word' id='word_1_362' title='bbox 797 4419 948 4468; x_wconf 86' lang='lat' dir='ltr'><strong>novitatem</strong></span> <span class='ocrx_word' id='word_1_363' title='bbox 966 4419 1051 4479; x_wconf 90' lang='lat' dir='ltr'><strong>pluris</strong></span> <span class='ocrx_word' id='word_1_364' title='bbox 1070 4422 1113 4468; x_wconf 89' lang='lat' dir='ltr'><strong>est</strong></span> <span class='ocrx_word' id='word_1_365' title='bbox 1128 4419 1272 4485; x_wconf 83' lang='lat' dir='ltr'><strong>facienda,</strong></span> <span class='ocrx_word' id='word_1_366' title='bbox 1298 4421 1356 4468; x_wconf 89' lang='lat' dir='ltr'><strong>tum</strong></span> <span class='ocrx_word' id='word_1_367' title='bbox 1372 4432 1441 4470; x_wconf 87' lang='lat' dir='ltr'><strong>vero</strong></span> <span class='ocrx_word' id='word_1_368' title='bbox 1459 4420 1542 4470; x_wconf 86' lang='lat' dir='ltr'><strong>etlam</strong></span> 
     </span>
    </p>

    <p class='ocr_par' dir='ltr' id='par_1_13' title="bbox 346 4521 1541 4586">
     <span class='ocr_line' id='line_1_38' title="bbox 346 4521 1541 4586; baseline 0.005 -18"><span class='ocrx_word' id='word_1_369' title='bbox 346 4521 471 4586; x_wconf 87' lang='lat' dir='ltr'><strong>plurimi,</strong></span> <span class='ocrx_word' id='word_1_370' title='bbox 498 4521 570 4584; x_wconf 91' lang='lat' dir='ltr'><strong>quod</strong></span> <span class='ocrx_word' id='word_1_371' title='bbox 592 4535 627 4574; x_wconf 87' lang='lat' dir='ltr'><strong>ea</strong></span> <span class='ocrx_word' id='word_1_372' title='bbox 650 4528 679 4573; x_wconf 86' lang='lat' dir='ltr'><strong>et</strong></span> <span class='ocrx_word' id='word_1_373' title='bbox 700 4523 746 4572; x_wconf 89' lang='lat' dir='ltr'><strong>diu</strong></span> <span class='ocrx_word' id='word_1_374' title='bbox 763 4535 856 4572; x_wconf 88' lang='lat' dir='ltr'><strong>secum</strong></span> <span class='ocrx_word' id='word_1_375' title='bbox 875 4522 934 4582; x_wconf 88' lang='lat' dir='ltr'><strong>ipse</strong></span> <span class='ocrx_word' id='word_1_376' title='bbox 952 4521 1043 4572; x_wconf 71' lang='lat' dir='ltr'><strong>fluerat</strong></span> <span class='ocrx_word' id='word_1_377' title='bbox 1061 4522 1153 4574; x_wconf 83' lang='lat' dir='ltr'><strong>Cava</strong></span> <span class='ocrx_word' id='word_1_378' title='bbox 1171 4524 1332 4584; x_wconf 86' lang='lat' dir='ltr'><strong>meditatus,</strong></span> <span class='ocrx_word' id='word_1_379' title='bbox 1359 4527 1386 4571; x_wconf 88' lang='lat' dir='ltr'><strong>et</strong></span> <span class='ocrx_word' id='word_1_380' title='bbox 1404 4527 1541 4583; x_wconf 87' lang='lat' dir='ltr'><strong>postremo</strong></span> 
     </span>
    </p>

    <p class='ocr_par' dir='ltr' id='par_1_14' title="bbox 343 4621 1539 4692">
     <span class='ocr_line' id='line_1_39' title="bbox 343 4621 1539 4692; baseline 0 -16"><span class='ocrx_word' id='word_1_381' title='bbox 343 4626 454 4687; x_wconf 84' lang='lat' dir='ltr'><strong>scriptis</strong></span> <span class='ocrx_word' id='word_1_382' title='bbox 471 4626 599 4690; x_wconf 87' lang='lat' dir='ltr'><strong>tradidit,</strong></span> <span class='ocrx_word' id='word_1_383' title='bbox 621 4628 786 4688; x_wconf 86' lang='lat' dir='ltr'><strong>anteaquam</strong></span> <span class='ocrx_word' id='word_1_384' title='bbox 804 4626 839 4673; x_wconf 88' lang='lat' dir='ltr'><strong>ad</strong></span> <span class='ocrx_word' id='word_1_385' title='bbox 857 4623 932 4673; x_wconf 91' lang='lat' dir='ltr'><strong>illum</strong></span> <span class='ocrx_word' id='word_1_386' title='bbox 949 4625 1047 4676; x_wconf 88' lang='lat' dir='ltr'><strong>notitia</strong></span> <span class='ocrx_word' id='word_1_387' title='bbox 1063 4628 1235 4692; x_wconf 85' lang='lat' dir='ltr'><strong>pervenisset</strong></span> <span class='ocrx_word' id='word_1_388' title='bbox 1252 4621 1314 4692; x_wconf 83' lang='lat' dir='ltr'><strong>ejus</strong></span> <span class='ocrx_word' id='word_1_389' title='bbox 1332 4625 1440 4689; x_wconf 86' lang='lat' dir='ltr'><strong>operis,</strong></span> <span class='ocrx_word' id='word_1_390' title='bbox 1467 4629 1539 4690; x_wconf 88' lang='lat' dir='ltr'><strong>quod</strong></span> 
     </span>
    </p>
   </div>
   <div class='ocr_carea' id='block_1_8' title="bbox 0 0 1822 5667">
    <p class='ocr_par' dir='ltr' id='par_1_15' title="bbox 0 0 1822 5667">
     <span class='ocr_line' id='line_1_40' title="bbox 0 0 1822 5667; baseline 0 3"><span class='ocrx_word' id='word_1_391' title='bbox 0 0 1822 5667; x_wconf 95' lang='lat' dir='ltr'><strong> </strong></span> 
     </span>
    </p>
   </div>
  </div>
 </body>
</html>
