3634 5667
360 559 433 629 136
805 536 1049 621 LIBER
1094 546 1153 631 nt

355 741 532 832 sentiret,
555 764 754 842 procerum
776 741 884 843 petiit
905 744 1013 845 niger
1032 725 1197 847 undiquc
1223 764 1363 829 coetus.

350 860 423 934 Illa
446 878 587 944 autemr
612 862 799 961 Quantum
822 864 928 964 potui
951 863 1181 956 mortalibus,
1203 866 1336 967 inquit,

334 982 558 1083 ¹Explorar‘e
580 981 697 1056 cordis
724 980 924 1083 (quidquid
948 1010 1039 1084 gens
1060 983 1155 1058 fals¹a
1181 990 1376 1088 susurret),

352 1102 416 1175 Nil
440 1103 595 1178 mortale
621 1126 733 1203 super
752 1099 839 1179 ridi.
889 1108 985 1177 Tum
1010 1106 1112 1179 celsa
1136 1108 1303 1181 Manetes

353 1224 542 1325 'I'empora
567 1224 782 1299 concutiens
806 1249 1040 1326 proceraque
1066 1252 1224 1304 cornua:
1249 1232 1293 1300 ln
1316 1228 1382 1303 illo
1498 1242 1543 1309 15

353 1341 558 1444 (Mentiris)
584 1344 670 1419 licto
694 1344 803 1436 latet,
828 1346 968 1444 inquit,
996 1372 1155 1448 corpore
1180 1350 1339 1439 Numen,

351 1465 434 1537 Nec
457 1491 583 1539 verum
606 1468 706 1541 hunc
730 1468 917 1541 hominem
942 1469 1158 1541 temerarius
1177 1486 1318 1543 asserat
1341 1467 1450 1541 ullus.

352 1585 497 1659 Asserit
522 1587 704 1689 extemplo
729 1589 847 1661 Be'ion
871 1613 1007 1687 magno
1033 1613 1099 1661 ore
1123 1588 1300 1661 refellens

351 1706 481 1795 Dicta,
504 1709 697 1809 Deumque
722 1725 854 1810 negat:
882 1708 924 1782 Si
949 1708 1030 1806 quis
1043 1724 1169 1809 putat,
1194 1710 1279 1781 huic
1297 1709 1397 1781 ferus
1415 1732 1545 1781 amcns

283 1818 287 1823 ’
351 1827 513 1899 Intendit
537 1828 639 1901 litem
664 1846 702 1903 at
725 1829 875 1903 bellum.
925 1831 976 1901 At
998 1844 1104 1931 putat
1129 1853 1211 1903 esse
1237 1831 1397 1904 Riarnus
1499 1840 1547 1908 20

350 1948 541 2046 Exurgens
567 1967 697 2022 contra
707 1978 721 2045 3
748 1947 1012 2049 contenditque
1039 1948 1174 2022 arduus
1200 1948 1277 2023 alto

351 2066 511 2140 Numine
535 2070 768 2170 progenitum
775 2124 787 2163 ,
814 2096 951 2170 magno
978 2069 1157 2143 Genitore
1182 2068 1375 2149 minorem.

351 2188 531 2263 Paulatim
555 2187 743 2263 incaluere
769 2192 902 2282 animi,
927 2188 1160 2263 discordibus
1184 2190 1264 2262 irae

351 2308 538 2383 Mentibus
563 2336 740 2415 erupere,
765 2327 877 2411 atque
902 2309 1147 2411 implacabilis
1173 2327 1256 2382 orta

354 2425 518 2530 Seditio3
545 2432 658 2537 inque
682 2432 751 2507 has
776 2432 890 2532 inque
915 2432 998 2505 illas
1026 2430 1117 2529 Styx
1141 2428 1258 2502 didita
1282 2447 1422 2531 partes.
1498 2443 1548 2511 25

351 2550 458 2627 Mens
485 2568 542 2628 est
565 2554 754 2627 Tartareis
779 2554 898 2653 geniis
921 2551 1134 2625 immobilis.
1184 2552 1282 2625 Ante

307 2670 314 2685 ’
350 2670 491 2745 Versus
519 2691 581 2746 eat
603 2674 745 2765 Padus,
772 2692 836 2748 eut
861 2673 954 2747 duro
981 2697 1022 2744 se
1046 2670 1185 2744 robore
1210 2670 1337 2744 flectat

223 2819 226 2827 ’
351 2796 519 2896 Quercus
543 2795 665 2885 humi,
702 2820 815 2893 quam
840 2792 942 2894 quod
968 2790 1089 2867 semel
1108 2815 1301 2864 asseruere
1326 2806 1547 2868 retractent.

350 2920 451 3017 Ergo
476 2916 639 2988 intestini
661 2916 884 2989 immortalia
902 2914 1043 2986 semina
1068 2910 1159 2984 belli
1370 3011 1372 3016 .

350 3037 458 3110 lacta
481 3037 605 3110 Erebo
630 3035 804 3129 fuerant3
829 3036 901 3109 nisi
928 3033 1009 3105 dira
1033 3031 1197 3106 venefica
1221 3048 1395 3134 prompto
1498 3044 1548 3113 30

352 3154 516 3232 Consilio
540 3156 662 3230 illatas
688 3156 856 3230 sedasset
876 3152 1031 3255 provida
1054 3151 1195 3229 turbas.

351 3276 503 3349 Scilicet
527 3277 619 3368 hoc,
643 3277 783 3376 inquit,
810 3274 896 3349 velit
917 3272 1057 3368 hostis,
1082 3290 1123 3345 ut
1147 3272 1210 3344 ille
1235 3295 1446 3371 supremum

349 3397 447 3469 Dum
471 3396 575 3472 vobis
599 3414 709 3500 parat
730 3395 931 3486 excidium,
955 3420 1051 3468 nora
1075 3418 1266 3493 regnaque
1294 3390 1422 3465 condit
1429 3418 1444 3485 3

350 3517 430 3592 Vos
454 3516 558 3590 furor
584 3535 621 3590 et
643 3518 745 3590 rixae
769 3535 921 3590 teneant
947 3532 984 3588 et
1007 3531 1137 3595 mutua
1161 3513 1272 3593 bella.

351 3638 447 3736 Quin
473 3639 592 3739 agite,
618 3656 655 3711 et
680 3635 830 3738 quando
856 3636 964 3709 sedet
986 3635 1080 3710 haec
1107 3634 1290 3707 sententia
1315 3630 1470 3723 discors,
1499 3647 1548 3717 35

349 3757 454 3830 Haec
478 3758 609 3832 eadem
632 3760 762 3833 restris
786 3758 905 3860 prosit
931 3754 1119 3828 discordia
1143 3752 1270 3830 rebus.

347 3877 437 3981 Hos¹
452 3885 564 3955 serite
590 3906 735 3954 errores
759 3879 881 3974 terris,
908 3876 1007 3953 hanc
1032 3874 1196 3979 spargite
1220 3872 1345 3946 labem

353 4071 773 4107 ὲ--Π-

350 4211 386 4264 V.
405 4213 449 4266 11.
484 4216 646 4265 Manates
671 4219 701 4266 et
724 4215 798 4269 intro
814 4213 923 4267 Boion
940 4210 988 4272 (V.
1007 4214 1056 4271 18)
1073 4213 1102 4262 et
1120 4210 1273 4262 Riarnus
1299 4210 1348 4270 (V.
1367 4211 1415 4269 8⁰)
1434 4212 1550 4263 nonius
1633 4202 1634 4246 l

492 4306 671 4357 diabolorum.

352 4417 388 4471 V.
407 4421 442 4472 tt
458 4423 487 4472 et
504 4422 547 4473 26.
566 4423 662 4484 styx.
679 4420 729 4487 111,
748 4420 809 4472 112.
846 4421 1044 4476 Tartareus.
1063 4419 1110 4485 111,
1130 4418 1306 4471 00001201.

347 4528 450 4585 VM.
486 4536 607 4586 Padus.
625 4534 662 4602 V,
682 4536 742 4587 108.
833 4526 836 4529 ⁴

352 4645 452 4709 1010.
485 4647 672 4717 linoltus-1,
691 4652 717 4703 1.
