3634 5667
674 577 1011 656 tranen.
1332 559 1442 666 '29

348 787 527 886 Exiguum
550 782 717 856 restabat
739 781 824 871 iter,
849 777 1055 880 spatiique,
1081 773 1184 874 quod
1207 800 1325 876 usque
1361 833 1366 840 .

255 885 459 985 Nauareum
482 905 531 979 ad
553 929 690 1006 pagum
713 917 901 1003 superest,
929 897 1121 972 absolvere
1145 897 1262 998 Virgo

256 1033 343 1108 Vult
366 1028 502 1131 pedest
525 1025 683 1126 arreptis
707 1021 848 1096 fraenis
873 1019 1060 1094 deducere
1087 1019 1241 1092 asellum

257 1158 354 1228 Inter
379 1177 421 1223 se
444 1149 551 1250 pueri
575 1157 739 1222 certentt
763 1140 988 1240 Juditheque
1013 1140 1211 1242 pulchrum
1377 1153 1447 1224 190

257 1274 478 1375 Implicitum
501 1269 670 1342 manibus
694 1267 821 1339 desum
843 1262 975 1334 trahitz
998 1261 1081 1362 ipsa
1106 1260 1274 1353 sodales,

258 1396 508 1492 Mirantesque
532 1392 630 1464 inter
654 1385 799 1489 pergis,
825 1383 969 1456 dessein
975 1433 987 1472 ,
1012 1400 1169 1473 matres,

259 1515 461 1616 Respirans
486 1509 656 1611 placide,
683 1523 795 1605 atque
821 1503 950 1576 oculos
974 1527 1043 1602 per
1067 1504 1212 1604 singula
1238 1501 1398 1594 ducens,

261 1635 479 1708 Sustentans
503 1631 674 1702 manibus
698 1643 839 1714 vestes,
867 1649 942 1723 qua
966 1625 1098 1714 semita
1123 1651 1265 1725 aquosa
1290 1642 1357 1700 est.

263 1753 475 1828 Sarcinulas
500 1751 663 1829 humeris
687 1749 867 1824 Jonethas
893 1748 1007 1846 gerit:
1032 1745 1142 1820 chria
1165 1747 1305 1846 passim
1385 1759 1454 1829 195

262 1877 671 1954 Armentaoccurrunt'
690 1886 949 1970 agrestumque
976 1867 1134 1968 agmina.
1184 1868 1340 1966 Jamque

263 1993 636 2094 Apparentsshumiles
659 1992 757 2065 rnuri
781 2007 977 2089 turresque
1001 1987 1135 2061 vetusti

265 2111 455 2214 oppiduli,
468 2113 622 2186 vestitae
647 2111 770 2187 ederis
776 2121 798 2204 ,'
816 2111 1044 2210 antiquaque
1068 2125 1188 2200 tecta,

265 2235 367 2334 Quae
393 2234 526 2334 procul
553 2235 748 2334 agnoscis,
775 2231 910 2307 Senior
935 2231 1055 2324 bene,
1081 2229 1250 2331 flensque
1274 2229 1425 2308 salutas.

264 2357 347 2454 lpse
373 2354 473 2427 diem
497 2354 615 2429 nollet
630 2356 706 2454 jem
731 2379 854 2428 seram
879 2352 1072 2426 absolvere
1093 2351 1265 2426 Phoebus
1387 2367 1462 2435 900

265 2478 361 2547 'I'am
379 2476 484 2566 cito,
510 2474 632 2574 deque
657 2501 725 2550 suo
750 2474 860 2549 dolor
885 2490 942 2546 est
961 2472 1190 2546 descendere
1217 2499 1338 2566 curru,

266 2599 390 2695 Atque
414 2614 572 2695 utraque
596 2621 709 2668 manu
731 2620 862 2669 roseos
886 2610 991 2668 tenet
1016 2619 1081 2667 axe
1104 2593 1260 2693 jugales.

363 2718 433 2789 Ast
456 2717 521 2788 ubi
546 2716 739 2790 Susannae
760 2717 862 2790 bena
878 2717 996 2816 Virgo
1020 2713 1135 2789 evasit
1156 2713 1198 2786 in
1222 2713 1349 2810 aedes,

263 2836 336 2908 Hic
361 2835 517 2935 fragor,
549 2836 611 2908 hic
631 2837 827 2937 strepitus,
854 2837 1067 2938 amplexus,
1091 2833 1221 2907 oscula
1251 2835 1364 2927 mille,

264 2957 368 3028 Mille
387 2957 524 3030 hilares
549 2982 680 3048 voces,
703 2959 929 3056 mixtumque
960 2955 1041 3030 sine
1063 2953 1196 3028 ordine
1223 2953 1365 3030 discors
1393 2969 1464 3040 205

263 3075 440 3175 Undique
463 3103 627 3150 murmur
653 3096 745 3152 erat.
796 3079 878 3152 Nec
901 3077 980 3152 tiso
1006 3077 1115 3150 litore
1140 3093 1288 3166 nautae,

264 3199 348 3270 Nec
373 3197 531 3295 genitrix
556 3202 667 3286 neto,
691 3223 764 3272 nec
790 3199 950 3298 conjuge
974 3216 1091 3298 nupta
1113 3215 1281 3298 recepto,

266 3319 388 3416 Quem
413 3317 535 3406 bello,
562 3334 625 3389 aut
648 3318 784 3418 pelago
811 3320 1011 3392 extinctum
1034 3317 1248 3392 miserande
1271 3335 1429 3420 putarat,
1454 3377 1457 3384 .

265 3441 349 3508 Nec
375 3436 557 3535 quidquid
581 3456 739 3537 pessunt
762 3439 850 3512 laeti
876 3437 949 3512 sibi
973 3438 1111 3537 lingere
1137 3455 1251 3511 noctu
1290 3467 1344 3513 κ’
1421 3451 1424 3458 “
1531 3463 1540 3536 3

266 3559 463 3628 Insomnes
485 3575 609 3650 vates,
636 3585 799 3662 aequare
824 3560 918 3632 haec
945 3558 1080 3658 gaudia
1103 3559 1260 3659 possint.
1396 3569 1468 3636 210
1533 3539 1540 3616 l

268 3677 302 3748 Ο
329 3676 484 3748 tandem
510 3697 597 3778 post
620 3681 721 3754 secla
746 3681 881 3755 redux!
909 3708 933 3754 ο
959 3681 1120 3780 denique
1147 3705 1279 3781 sospes

267 3794 437 3867 Reddita
460 3797 522 3871 tur
546 3800 663 3873 orbae
688 3805 846 3901 patriae,
871 3819 1066 3904 expectate
1090 3820 1146 3878 tot
1171 3800 1295 3876 annis!

266 3914 320 3986 Ut
345 3915 514 3993 formosa
539 3921 640 3994 redis
662 3923 717 3994 nil
741 3923 849 3997 coelo
875 3924 1030 3996 decolor
1050 3923 1135 4000 ille!
1167 3995 1169 4002 ,
1268 3913 1269 3916 ¹

269 4034 378 4131 Quae
403 4036 486 4142 via,
513 4042 577 4139 qui
603 4069 750 4135 cursus,
778 4069 874 4143 quae
900 4069 982 4118 sors
1007 4044 1160 4144 inopina
1185 4038 1346 4118 revexit?

268 4155 373 4224 Ecce
398 4154 561 4232 humeris
588 4163 707 4237 curvis
734 4163 975 4265 octogenaria
1000 4165 1135 4264 conjnx
1398 4169 1468 4238 att

268 4273 434 4373 Alpheci
458 4281 640 4379 explicitis
666 4283 762 4357 ulnis
789 4283 964 4358 edentula
987 4309 1099 4375 uoces

268 4502 375 4560 V.194.
396 4510 470 4562 Edit.
490 4511 615 4564 Veneta:

377 4601 573 4668 Sustentatque
595 4617 677 4657 nanu
692 4608 802 4675 vestes,
821 4617 876 4672 qua
893 4605 993 4661 semita
1011 4619 1117 4673 aquosa
1135 4614 1186 4661 est.

272 4681 378 4741 vdes.
394 4691 445 4742 Ed.
463 4694 563 4749 venet
580 4709 631 4760 pre
647 4698 846 4762 miseranda
862 4699 947 4766 legit:
966 4703 1090 4765 decepte.
1113 4756 1115 4760 .
