3634 5667
739 528 1074 601 LIBERIV.
1196 605 1201 612 ,
1373 547 1496 624 Ι71

307 731 513 832 (Quantum
537 727 798 800 restat'adhuc
822 727 923 800 lasso
947 725 1060 797 maris
1085 748 1227 824 aequor
1250 727 1447 841 arandum!

221 912 225 918 .
306 853 462 952 Septem
482 851 577 923 adeo
601 849 696 923 vitae
722 873 916 948 superesse
939 845 1145 920 miserrima
1169 846 1285 919 lustra
1425 863 1497 934 280

306 974 493 1072 Quantum
518 971 579 1043 fila
602 973 752 1044 trahens
777 970 817 1041 in
841 969 993 1069 longum
1018 965 1216 1039 extendere
1240 968 1410 1068 possum)

303 1094 424 1192 Fingo
450 1093 562 1188 mihi3
588 1109 700 1190 atque
724 1092 783 1163 bis
808 1090 967 1185 exactis,
994 1113 1079 1160 cum
1103 1088 1253 1188 spiritus
1277 1089 1358 1164 istis

304 1213 357 1284 Se
379 1214 536 1312 primum
561 1213 700 1285 exuerit
723 1211 920 1302 membris,
946 1212 1017 1283 erit
1042 1207 1125 1282 alea
1148 1209 1248 1308 jacta

303 1332 513 1422 Alterutra,
531 1334 622 1405 heu!
647 1333 757 1406 seclis
782 1334 857 1431 jam
882 1359 959 1406 non
980 1329 1202 1404 revocabilis
1227 1327 1325 1408 ullis.

302 1457 363 1553 Tu
389 1455 476 1525 mihi
501 1455 671 1529 Divinum
697 1458 873 1545 Puerum,
895 1453 1128 1527 sanctissima
1152 1452 1284 1540 Mater,
1357 1491 1360 1516 ι
1424 1465 1495 1535 285
1520 1487 1524 1494 ·

300 1574 455 1664 Redde,
481 1602 569 1663 oro,
594 1574 766 1669 facilem3
791 1575 873 1666 fac,
898 1575 975 1647 oris
1001 1573 1182 1646 anhelitus
1207 1571 1270 1642 ille

302 1695 506 1794 Supremus
531 1695 579 1766 sit
603 1695 719 1793 Virgo
743 1711 847 1792 tuus3
871 1699 927 1767 Tc
949 1695 1100 1768 nomine
1126 1692 1258 1766 saltem

300 1819 379 1886 Ter
403 1834 532 1910 vocet3
560 1832 599 1887 et
621 1817 732 1889 toties
755 1833 902 1917 repetat
924 1841 994 1890 vox
1017 1815 1146 1887 ultima
1169 1815 1307 1908 lesum.

400 1936 462 2006 Me
486 1937 610 2036 rapuit
633 1937 776 2012 subitus
801 1936 997 2010 sublimem
1021 1936 1061 2008 in
1086 1933 1209 2008 sidera
1233 1933 1380 2008 fervor:

298 2054 410 2125 Nunc
434 2057 590 2128 Mariam
615 2075 651 2130 et
675 2062 832 2131 Puerum
848 2057 1002 2130 sacrain
1024 2055 1173 2130 deserta
1190 2079 1399 2153 sequamur,
1422 2067 1495 2138 290

297 2177 348 2245 Et
373 2174 577 2249 celeremus
601 2178 672 2249 iter
678 2206 691 2272 5
717 2205 803 2250 nam
828 2177 888 2248 lux
912 2177 989 2275 jam
1012 2201 1098 2248 sera
1121 2176 1359 2276 propinquat,

296 2293 556 2394 Jordanesque
581 2298 713 2397 procul
737 2299 882 2371 nebulis
908 2299 1142 2396 surgentibus
1168 2297 1280 2371 albet.
1368 2375 1370 2377 ,

274 2402 280 2404 ἡ
331 2429 333 2431 ’
397 2416 479 2488 Huc
503 2418 705 2516 Peregrina
729 2421 868 2491 Parens
893 2420 969 2518 jam
985 2418 1085 2491 lassa
1109 2417 1159 2490 ad
1177 2417 1338 2490 fluminis
1356 2415 1495 2491 undam

296 2535 483 2626 Venerat,
510 2553 548 2608 et
571 2555 702 2610 tenera
725 2515 875 2639 paulum
899 2537 1089 2636 requireret
1111 2538 1151 2608 in
1175 2536 1306 2628 herba,

297 2655 467 2728 Culmina
491 2659 696 2759 suspiciens
722 2660 819 2732 sacri
842 2657 976 2759 procul
1000 2657 1116 2730 ardua
1141 2657 1295 2738 montis:
1421 2673 1491 2742 295
1522 2655 1524 2662 ’

296 2776 389 2848 Cum
414 2779 520 2881 pueri
543 2805 612 2853 vox
636 2777 830 2852 clamantis
856 2778 982 2866 audita
1003 2803 1072 2878 per
1097 2803 1226 2851 omnes

293 2896 497 2970 Anfractus
522 2899 656 2974 virides
680 2926 874 2974 nemorum
898 2899 1135 2998 auditumque
1161 2923 1340 2976 canorum

292 3020 368 3089 Per
393 3019 501 3116 juga,
523 3046 592 3120 per
614 3021 727 3094 valles
753 3041 921 3092 carmen:
946 3020 1033 3108 „Sir
1057 3022 1189 3093 semita
1212 3037 1328 3112 recta,

292 3139 556 3239 Aequalesque
581 3142 656 3214 vias
682 3143 904 3240 Hominique
929 3141 1086 3243 Deoque
1111 3151 1282 3242 parate.“

292 3259 399 3330 Haec
425 3276 505 3331 erat
526 3261 590 3332 illa
615 3288 753 3336 sonans
775 3289 844 3362 per
869 3264 971 3336 celsa
995 3264 1189 3336 cacumina
1214 3263 1327 3334 eremi
1419 3273 1490 3340 300

292 3378 457 3468 Vocula,
486 3383 731 3482 quasplures
757 3409 870 3483 saepe
896 3385 1106 3458 errabunda
1127 3385 1272 3459 fefellit.

290 3628 328 3679 V.
347 3631 410 3680 Μ.
427 3630 697 3697 Jordaneaqua.
735 3634 791 3686 cfr.
811 3638 845 3702 ΙΙ,
869 3638 930 3689 851.
976 3638 1048 3691 Edit.
1066 3639 1166 3691 venet.
1192 3635 1280 3689 mittat
1295 3639 1487 3704 surgenti-

326 3715 333 3722 ’
398 3723 464 3772 bna
481 3723 584 3774 albet
601 3725 643 3774 in:
663 3727 781 3778 albescit
797 3732 918 3794 aquosis.

291 3812 328 3862 V.
347 3814 400 3864 298
416 3827 475 3876 seq.
494 3815 696 3888 Sitssamita
713 3825 814 3870 recta
832 3826 885 3871 etc.

397 3906 493 3954 Matth.
513 3908 582 3971 8,³.
601 3911 731 3977 Marci,
753 3918 777 3964 3.
798 3917 864 3967 Luc.
888 3920 915 3983 3,
934 3919 960 3970 4.

290 3995 326 4045 V.
346 3997 397 4047 ³01
416 3998 534 4047 lateret
552 4003 612 4054 305.
631 4002 702 4052 Edit.
721 4005 819 4056 venet.
840 4009 923 4059 hosce
942 4022 992 4058 sex
1008 4020 1121 4073 versus,
1149 4005 1239 4068 quiin
1258 4005 1300 4058 ed.
1319 4007 1404 4067 princ.
1424 4009 1482 4056 Mc-

398 4089 462 4138 dioI.
479 4100 534 4139 non
551 4091 694 4161 leguntur,
712 4099 804 4148 addit:

429 4180 501 4230 Nam
518 4185 598 4232 modo
616 4186 650 4234 de
667 4190 787 4248 scopulis
806 4193 937 4254 resonat,
956 4203 1027 4241 nuuc
1045 4191 1102 4240 exit
1120 4191 1155 4240 ab
1175 4190 1271 4256 antris,

429 4273 536 4335 Perque
555 4276 665 4327 umbras
682 4292 831 4348 nemorum,
849 4283 980 4344 lucosque
996 4281 1127 4344 lacusque
1145 4283 1269 4332 resultat.

428 4367 508 4416 Haud
524 4379 604 4417 secus
622 4368 758 4420 interdum
775 4374 865 4423 densis
882 4374 1043 4424 abscondite
1059 4374 1143 4423 ramis

428 4461 519 4510 Parva
536 4460 598 4510 avis
616 4462 753 4526 ingentem
771 4465 859 4526 replet
876 4455 1059 4516 modulamine
1074 4467 1182 4517 silvam.

428 4551 492 4612 ipsa
509 4552 596 4618 latet,
614 4555 727 4615 trepidis
744 4557 795 4605 nisi
815 4560 945 4618 quantum
963 4559 1118 4609 intermicat
1136 4559 1197 4622 alis,

429 4643 534 4707 Perque
551 4645 645 4710 nigras
661 4647 760 4698 volitat
776 4648 887 4700 frondes
905 4652 1087 4714 umbrosaque
1105 4653 1188 4700 tacta.
