3634 5667
706 671 950 744 LIBER
997 669 1042 742 11.
1174 747 1178 760 ‚
1428 687 1475 756 3⁵

277 869 518 970 Plorantique
543 865 647 945 dedit
669 865 847 946 bellaria:
871 864 1059 967 verbaque
1084 864 1175 939 dixit
1406 884 1478 955 355

278 991 426 1066 blanda
450 990 568 1083 adeo,
594 990 798 1091 dulcesque
822 989 942 1063 minas
968 987 1124 1094 adjecit,
1149 985 1275 1060 utillo
1449 987 1451 998 '

282 1115 474 1215 Captivum
501 1109 648 1186 dederit
672 1134 778 1204 sese;
803 1110 990 1210 subiitque
1012 1125 1181 1210 penates,

280 1236 528 1336 Assucvitque
552 1259 647 1336 puer
667 1233 762 1306 lacti
784 1231 984 1331 mellique3
1010 1256 1082 1303 nec
1108 1256 1200 1304 auro

282 1356 431 1429 Sortem
456 1357 577 1447 hano,
603 1380 675 1427 nec
702 1379 847 1455 gemma
872 1353 1000 1453 quavis
1024 1351 1192 1452 pretiove
1218 1348 1393 1432 dedisset.

280 1479 353 1550 Hic
379 1502 491 1577 aeger
514 1502 648 1577 passus
675 1502 803 1548 curam
820 1491 877 1548 est
884 1525 896 1566 ,
921 1474 984 1546 bic
1008 1473 1164 1576 jungere
1189 1488 1365 1574 utrasque
1412 1487 1484 1557 560

280 1598 446 1672 Edidicit
468 1597 613 1699 palmas
639 1596 688 1669 ad
712 1595 831 1669 solem
854 1619 982 1670 versus
1007 1619 1128 1686 eoum,
1176 1629 1177 1634 ,

283 1719 323 1818 e)
352 1718 516 1792 Curvatis
543 1716 699 1818 genibus
726 1717 905 1818 supplex,
930 1715 991 1789 bic
1017 1714 1179 1814 denique
1204 1713 1308 1787 lenta

285 1839 433 1911 Sensim
458 1839 645 1912 convaluit
669 1836 827 1911 febri...
856 1836 1064 1938 (subsistite
1089 1861 1235 1909 rursum
1242 1864 1256 1931 3

283 1961 381 2031 Nam
405 1976 506 2032 tecto
532 1956 687 2050 insedit,
713 1959 753 2031 ni
778 1944 908 2052 fallor,
931 1958 1115 2060 penniger
1140 1958 1237 2032 alter

285 2080 470 2174 Somnus3
499 2095 538 2152 at
562 2083 712 2180 exiguus
737 2079 849 2171 latet,
876 2095 915 2152 et
936 2079 994 2156 vix
1017 2081 1207 2181 prominet
1230 2077 1300 2153 alis
1416 2090 1489 2161 565
1543 2105 1550 2179 ξ

284 2200 460 2300 Undique
486 2201 661 2282 stellatis:
688 2218 859 2303 superest
881 2226 984 2275 nunc
1007 2201 1136 2276 tertius
1143 2229 1156 2297 3
1184 2218 1223 2274 at
1245 2229 1332 2276 rnox
1540 2182 1549 2250 l

284 2323 329 2393 ln
353 2321 492 2396 vis'cum
519 2322 659 2421 reniet)
686 2323 804 2415 febri,
830 2325 1002 2422 inquam,
1029 2322 1191 2424 denique
1216 2321 1319 2395 lenta

288 2442 437 2514 Sensim
462 2443 665 2519 convaluitz
692 2443 760 2515 sed
785 2469 897 2543 quam
922 2443 1065 2536 brevis,
1096 2446 1160 2517 ah!
1187 2443 1258 2516 fuit
1281 2443 1355 2515 ista
1454 2446 1458 2456 ’

286 2565 400 2634 Parta
425 2562 546 2652 salus,
573 2562 785 2635 miserande
809 2589 925 2664 puer,
950 2588 1060 2654 mox,
1088 2562 1180 2636 beu!
1206 2564 1405 2636 moriturus

289 2685 454 2783 (Aspera
479 2709 567 2754 narn
592 2683 647 2755 sic
672 2682 752 2755 fata
775 2682 920 2783 volunt)
947 2685 1145 2758 moriturus
1170 2685 1307 2757 acerbo
1420 2699 1492 2768 370

288 2808 447 2876 Funere.
497 2805 668 2904 Namque
695 2803 825 2879 aderat
850 2803 920 2878 sub
947 2804 1080 2878 eodem
1103 2827 1270 2908 paupere
1294 2823 1396 2879 tecto

290 2927 397 2998 Alter
421 2925 537 2996 Amor
546 2975 566 3014 „
584 2922 653 2994 sed
678 2922 851 2996 coelestis
860 2978 872 3015 ,
900 2923 969 2996 sed
992 2944 1101 2999 natus
1127 2926 1300 3028 olymp03
1408 2949 1439 2970 ν
1549 2955 1562 3026 t

291 3049 600 3149 Terrestremque
624 3042 728 3114 illum
754 3040 1024 3145 dedignabatur
1050 3046 1184 3119 eodem

293 3167 371 3240 Sub
397 3165 498 3255 lare,
522 3163 661 3263 quippe
685 3163 824 3256 levem,
850 3166 911 3237 cui
933 3193 1020 3257 ror,
1048 3167 1108 3239 eui
1133 3166 1267 3240 mellea
1293 3185 1437 3241 tantum

291 3290 359 3362 Vis
385 3288 506 3359 inerat
529 3285 672 3378 verbis,
699 3287 767 3360 sed
791 3287 916 3358 nullae
941 3286 979 3357 in
1006 3312 1165 3387 corpore
1189 3289 1297 3363 vires.
1423 3306 1494 3374 575

292 3409 330 3509 f)
356 3411 457 3506 Ergo
484 3405 685 3508 aliquando
711 3409 824 3501 miser
848 3407 965 3479 fando
993 3405 1080 3480 dum
1104 3408 1263 3509 plurima
1279 3409 1407 3508 jactat,

293 3531 344 3602 Ut
368 3528 464 3603 solet
472 3579 484 3618 ‚
507 3544 619 3628 atque
641 3527 753 3600 aliurn
776 3545 886 3601 vocat
903 3529 943 3598 in
970 3529 1172 3600 certamina
1198 3529 1363 3623 demens,

295 3649 373 3721 Seu
395 3649 521 3738 lusus,
548 3674 615 3722 seu
633 3648 734 3721 lucta
759 3648 846 3738 fuit,
870 3645 1071 3748 (quidquid
1095 3647 1183 3748 fuit)
1210 3635 1286 3723 ictu

296 3770 444 3842 Stratus
470 3769 574 3841 bumi
599 3769 735 3842 cecidit
739 3798 754 3864 3
781 3794 851 3841 nec
876 3768 1018 3869 profuit
1042 3768 1142 3842 illico
1167 3771 1281 3844 vitam

293 3893 474 3980 Poscere,
500 3913 571 3964 nec
596 3889 721 3963 cubito
746 3888 1184 3990 manibusququvertere
1208 3892 1336 3966 vulnus
1344 3921 1357 3989 3
1423 3908 1493 3976 380

294 4012 440 4086 Vulnus
466 4029 571 4084 atrox
595 4011 731 4084 lethale
756 4012 831 4082 imo
858 4009 927 4082 sub
950 4028 1104 4110 pectore
1129 4011 1237 4084 fixum
1263 4031 1332 4104 est,

295 4135 377 4206 Nec
403 4132 600 4226 lacrimae,
626 4133 826 4233 gemitusre
851 4131 918 4203 ulli
941 4131 1089 4204 valuere
1112 4133 1312 4232 precantis.

297 4253 454 4326 Saucius
480 4277 593 4352 ergo,
618 4277 804 4351 aegreque
831 4251 982 4324 trahens
1006 4253 1179 4350 vestigia,
1201 4271 1302 4328 tecto

297 4375 507 4463 Successit,
533 4374 721 4473 jacuitque
743 4389 827 4446 toro
833 4401 850 4467 3-
873 4371 942 4445 sed
967 4373 1134 4446 amabilis
1159 4373 1224 4447 illa

401 4655 433 4712 e)
450 4647 630 4703 convalescit.

401 4766 502 4828 Med
517 4765 603 4818 amur
619 4771 773 4827 provocare
792 4762 914 4816 aivum
933 4775 1055 4820 ammon
1073 4771 1216 4822 abeodem
1233 4765 1403 4822 runcatur.

1221 4854 1285 4939 ὅ*
