3634 5667
723 545 963 618 LIBER
1010 547 1040 618 1.

281 744 398 817 Multa
421 743 619 816 reluctanti
644 740 800 814 frondes
823 741 923 842 rapit
930 769 944 836 3
970 741 1057 815 inde
1084 743 1196 816 citato

281 869 368 966 lpse
392 865 496 960 prior
521 889 631 936 cursu
654 860 773 952 redit,
801 879 839 933 et
864 859 938 934 sibi
962 860 1089 936 debita
1111 863 1210 966 dona

282 988 324 1056 ln
350 982 474 1056 medio
498 1000 609 1056 coetu
634 982 834 1072 exclamat,
861 982 1056 1083 sparsique
1084 1003 1254 1058 recentes
1401 999 1472 1078 455
1570 1065 1573 1087 .

281 1104 464 1205 Deplorat
486 1099 652 1176 maculas
675 1103 754 1176 rivi.
804 1101 881 1174 Sed
906 1118 945 1174 et
973 1102 1091 1177 altera
1114 1104 1265 1204 plorans
1529 1109 1531 1122 '

284 1225 479 1296 Sublatam
505 1223 641 1324 repetit
668 1249 823 1315 ramum,
848 1241 960 1322 atque
985 1223 1189 1299 humeralia
1214 1226 1342 1321 scissa,

260 1349 327 1416 -Et
353 1344 499 1417 laceras
526 1349 691 1446 queritur
714 1347 844 1421 vittass
870 1360 981 1442 atque
1008 1345 1095 1436 bino
1121 1364 1229 1446 pater
1253 1349 1423 1440 Ammon,-

281 1464 373 1537 lnde
399 1477 594 1566 utram'que
619 1467 739 1578 bonus
762 1465 869 1538 dictis
893 1489 1131 1563 compescere
1155 1467 1281 1568 Jonas.

282 1587 381 1686 Quin
408 1603 446 1656 et
470 1586 650 1660 ridiculus
674 1586 797 1660 Nabal
822 1611 862 1659 se
887 1601 1031 1684 gutture
1056 1585 1187 1684 pingui
1401 1601 1472 1682 440

280 1707 433 1779 Arbiter
458 1708 498 1779 in
522 1708 647 1781 medio
673 1710 800 1782 statuit
807 1737 820 1802 3
847 1730 958 1805 quem
981 1704 1142 1804 plurima
1166 1705 1320 1805 fantem,

282 1831 365 1929 Qua
385 1829 526 1929 peponi
551 1830 688 1929 agresti
706 1856 777 1929 par
798 1847 939 1902 struma
964 1847 1176 1900 excreverat
1201 1830 1347 1928 ingens,

280 1949 473 2022 Ambabus
498 1951 668 2022 Damaris
692 1950 828 2050 repulit
850 1948 952 2022 facto
978 1949 1115 2047 impete
1140 1949 1285 2048 palmis.

279 2069 437 2141 Labitur
459 2068 522 2140 ille
545 2088 652 2169 putre
677 2072 716 2142 in
740 2088 911 2169 stagnum
934 2069 1147 2168 resupinus,
1172 2085 1214 2142 ut
1234 2072 1317 2172 ipso

279 2190 449 2289 Margine
472 2191 689 2264 constiterat
713 2191 869 2267 lubrico.
908 2191 1040 2262 Risere
1066 2188 1274 2282 cadentem,
1402 2204 1474 2284 445

279 2311 362 2382 Nec
388 2333 471 2383 sese
496 2312 614 2384 tenuit
634 2311 808 2401 tudina,
834 2336 906 2382 nec
932 2309 1067 2406 altera,
1093 2335 1213 2384 coeno

279 2432 331 2504 Ut
352 2426 479 2504 ridere
505 2449 587 2505 atro
612 2450 882 2534 emergentem,
911 2455 1022 2528 quem
1047 2432 1166 2504 excita
1190 2433 1329 2504 circum

280 2551 410 2624 Turba
421 2576 555 2623 eanum
568 2553 775 2651 insequitur
790 2549 1026 2644 lutulentum,
1051 2566 1099 2638 et,
1126 2550 1325 2652 quafugit,
1351 2579 1474 2648 anser,

280 2675 405 2770 Atque
433 2690 563 2746 anates
587 2674 710 2746 raucis
736 2672 905 2771 quatiunt
929 2668 1165 2768 clangoribus
1191 2671 1284 2750 alas.

279 2795 378 2865 Hinc
404 2793 555 2895 paulum
579 2794 691 2893 sopiti
714 2794 840 2892 ignes,
868 2808 905 2863 et
930 2789 1084 2862 fractior
1109 2790 1185 2867 ira:
1401 2804 1474 2881 450

279 2916 407 2986 Mitior
432 2914 519 2985 hinc
544 2915 676 2986 animis
701 2913 824 3001 furor,
848 2928 885 2982 et
908 2937 982 3011 pax
1008 2910 1142 2984 deinde
1169 2928 1309 2986 secuta.

282 3032 498 3107 Concordes
525 3036 677 3132 junxere
702 3057 854 3121 manus,
881 3047 919 3102 et
943 3031 1096 3106 foedere
1119 3033 1216 3130 justo

279 3159 356 3225 Res
383 3155 435 3225 ita
459 3155 688 3254 composita,
709 3172 748 3226 nt
772 3153 899 3226 victrix
924 3150 1074 3224 Juditha
1098 3153 1257 3227 referret

279 3275 470 3349 Praemiat
496 3273 564 3346 sed
587 3292 752 3346 moestae
770 3274 929 3346 {tamari
945 3273 1115 3373 promisit
1139 3274 1178 3344 in
1203 3300 1329 3347 aurem

280 3395 461 3467 Debbora
483 3395 716 3493 partheniam
740 3393 975 3492 chlamydem
1000 3392 1133 3466 solatia
1158 3394 1288 3469 victae.
1402 3406 1475 3482 tta
1554 3463 1559 3470 .

380 3513 457 3588 Sed
481 3540 561 3598 non,
583 3515 643 3586 hic
668 3513 762 3586 finis.
813 3517 874 3588 Lis
902 3514 1018 3587 altera
1044 3511 1179 3584 deinde
1205 3532 1344 3606 secute,

278 3639 399 3734 Inque
421 3634 655 3733 repentinum
681 3633 804 3707 subito
829 3660 935 3708 versa
958 3633 1083 3707 omnia
1106 3634 1257 3714 luctum.

281 3755 442 3829 Stabant
466 3754 630 3826 intentae
655 3771 811 3844 matres,
837 3770 875 3826 et
898 3755 1047 3856 virginis
1074 3739 1223 3826 auream

281 3875 472 3947 Gerricem
495 3875 603 3946 textis
628 3874 813 3946 ornabant
837 3874 1002 3946 lloribus.
1052 3873 1120 3944 Illa

280 3997 453 4094 Namque
477 3994 616 4068 acubus
641 3992 720 4069 fixis
746 3994 1024 4089 accommodat5
1052 3993 1169 4067 altera
1194 3989 1320 4068 subtus
1403 3997 1475 4084 460¹

281 4247 316 4298 V.
336 4251 397 4299 445.
417 4247 489 4297 Edit.
508 4247 606 4298 Venet.
626 4261 676 4311 pro
694 4250 843 4303 lubrico
860 4252 879 4300 l.
898 4227 1023 4316 μορίαν]

282 4362 317 4409 V.
336 4363 397 4412 448.
417 4374 492 4422 seqq.
512 4361 584 4411 Edit.
603 4364 725 4414 Veneta:

446 4453 560 4502 Stabant
575 4455 695 4505 intentae
714 4460 831 4522 matres,
852 4461 880 4506 et
897 4449 1013 4522 vlrgini'n
1031 4461 1086 4532 una

447 4542 556 4592 Circum
575 4558 667 4596 omnes
685 4551 760 4599 texto
780 4549 924 4614 surgebant
942 4553 1064 4613 tempora
1080 4549 1161 4598 flore.·

447 4636 499 4685 llla
516 4638 668 4687 acubus...-
