3634 5667
1619 282 1623 553 l

350 613 398 688 92.
771 600 1108 683 pteanv.
1220 578 1222 592 '

350 800 442 873 (lum
466 795 599 886 sonitu,
623 795 663 868 in
688 794 857 870 dextrum
881 819 998 868 cornu
1023 796 1096 869 ruit
1119 797 1258 897 impete
1283 813 1378 893 toto,
1623 788 1624 799 ¹

284 945 294 991 t
348 919 519 1020 Alpbitus
544 934 582 989 et
606 917 750 1015 ngom
773 932 885 1014 atque
912 916 1070 991 Oroicus
1096 934 1133 989 et
1157 917 1259 993 ferus
1280 922 1400 1012 Aeco,
1468 935 1539 1004 360

348 1042 446 1113 Ante
471 1038 563 1111 alios
588 1037 708 1137 primi.
735 1038 821 1109 Non
847 1036 902 1108 sio
927 1052 1032 1108 tonat
1056 1038 1179 1111 Aetna
1205 1039 1358 1114 caminis
1624 1019 1625 1041 ³

248 1209 252 1219 ι
350 1160 596 1260 Sulphureum
620 1174 792 1229 eructans
818 1184 976 1254 amnem,
1001 1158 1279 1259 liquefactaque
1309 1186 1398 1233 saxa

348 1283 463 1355 Mixto
488 1280 576 1355 atris
601 1276 758 1352 nebulis.
808 1278 985 1351 Telorum
1010 1280 1039 1353 it
1063 1280 1209 1353 nimbus
1236 1281 1286 1352 ad
1311 1306 1434 1373 aures,

343 1401 669 1497 ,Flammarumque
694 1396 808 1495 globi.
857 1400 993 1473 'Portas
1018 1400 1243 1474 umbonibus
1268 1401 1395 1474 hastas

350 1522 466 1593 Scuta
488 1535 718 1591 retorserunt
742 1517 980 1592 adamantina
1002 1523 1170 1621 protinus
1205 1521 1298 1595 actis
1473 1536 1542 1604 565

347 1640 525 1713 Hostibus
548 1639 587 1711 in
610 1665 813 1741 praeceps3
839 1639 1047 1745 iterumque
1072 1644 1111 1714 in
1136 1642 1236 1715 bella
1266 1641 1414 1716 feroces

350 1760 543 1833 Conversis
568 1759 713 1832 rediere
740 1761 894 1847 animis3
919 1762 1126 1862 iterumque
1151 1761 1323 1863 repulsos

350 1880 519 1980 Fulguris
544 1880 662 1952 instar
688 1880 774 1979 agit,
799 1897 981 1979 tergoque
1007 1880 1201 1982 fugacibus
1227 1883 1341 1953 instat

349 2002 472 2075 Prima
496 2002 596 2074 acies
622 2002 764 2075 Divum.
815 2000 892 2071 sed
917 2018 954 2073 et
987 2002 1067 2101 ipso
1096 2001 1337 2101 sequentibus
1369 1998 1500 2072 haeret

349 2122 559 2222 Belpbegor
583 2121 809 2221 increpitans
836 2119 965 2193 dictis:
992 2123 1078 2192 Non
1102 2123 1250 2223 Appula
1273 2121 1397 2212 tellus,
1476 2139 1545 2205 570

349 2245 436 2317 Non
460 2243 524 2316 hic
549 2240 712 2339 Gargani
738 2258 895 2330 montes,
923 2241 1056 2341 quibus
1081 2243 1267 2315 haesimus
1290 2242 1391 2336 olim·¹

349 2364 399 2437 vi
423 2363 521 2464 pulsi
546 2362 652 2436 coelo
659 2389 672 2457 5
707 2388 779 2434 nec
803 2362 963 2463 primum
985 2362 1141 2434 fulmina
1165 2364 1255 2453 visa,

350 2486 426 2557 Aut
450 2484 587 2557 tonitru
612 2481 786 2556 auditum.
838 2482 915 2555 Sed
940 2502 977 2555 et
1001 2484 1124 2584 ipsum
1148 2500 1253 2557 torva
1277 2482 1501 2555 frementem

352 2604 443 2675 Cum
468 2605 580 2677 sociis
604 2604 740 2702 premit
761 2602 950 2702 Aligerum
975 2622 1096 2675 turma
1120 2602 1255 2675 alterat
1281 2621 1439 2677 turmam

300 2759 304 2766 >
349 2724 456 2798 Hanc
468 2725 632 2824 sequitur
644 2723 887 2817 Dramelech3
915 2724 1011 2795 hunc
1020 2723 1308 2796 tertiacominus
1317 2740 1425 2823 urget
1477 2739 1544 2805 575

350 2846 443 2945 Diva
467 2844 648 2945 phalanx:
677 2845 805 2917 hastas
831 2843 959 2934 hastis,
985 2843 1060 2916 tela
1084 2843 1195 2942 ignea
1226 2844 1311 2917 telis

350 2953 580 3063 implicuere,
603 2964 792 3062 oriturque
822 2979 928 3036 atrox
952 2964 1156 3063 asperrima
1180 2989 1318 3065 pugna.

352 3087 525 3156 Pastores
545 3084 701 3183 strepitu
725 3082 834 3155 exciti
860 3081 907 3155 da
932 3083 1119 3179 montibuq
1146 3100 1265 3158 atram

355 3337 392 3389 V.
412 3336 473 3394 tte.
492 3334 564 3385 Edit.
584 3335 684 3386 Venet.
700 3347 750 3398 pro
767 3297 840 3385 toto
862 3332 883 3383 l.
902 3332 988 3385 iacto.

354 3428 392 3480 V.
410 3429 471 3481 660.
487 3428 618 3492 Dagon
636 3429 676 3486 (h.
692 3426 711 3477 l.
728 3428 825 3493 genius
839 3424 943 3483 malus)
966 3425 1174 3479 Philistaeorum
1184 3428 1287 3481 idolum
1306 3431 1335 3482 in
1349 3430 1462 3482 urbibus
1477 3434 1553 3485 Gaza

496 3522 525 3569 et
537 3518 632 3569 Asioi
645 3515 737 3583 (Juld.
757 3521 801 3586 16,
813 3521 848 3571 26
862 3531 938 3581 seqq.
947 3518 969 3569 1.
986 3520 1074 3569 Maec.
1095 3522 1139 3586 10,
1152 3522 1201 3579 66)
1220 3522 1337 3573 formam
1348 3524 1433 3585 piscis
1443 3526 1479 3575 al»
1494 3536 1553 3575 um-

391 3621 397 3628 ·
493 3610 577 3660 hilion
598 3612 627 3660 et
654 3624 782 3678 superne,
807 3613 898 3675 quoad
914 3622 1010 3661 manus
1036 3622 1105 3663 vero
1122 3614 1151 3661 et
1167 3612 1388 3681 pedesiormem
1408 3617 1554 3669 hammam

494 3701 623 3756 babuisse
642 3703 751 3754 (licitur.
787 3703 898 3768 Ugoliu.
925 3701 1027 3752 xxlll.

531 3792 717 3862 alpium,
749 3795 900 3846 otricus
918 3796 947 3844 at
966 3796 1059 3844 Acco
1077 3793 1143 3845 licta
1157 3794 1328 3848 diabolorum
1345 3797 1465 3850 nomina.

357 3905 396 3961 V.
406 3906 456 3959 tet
468 3935 497 3945 -
508 3908 543 3961 61
558 3907 587 3957 in
596 3906 646 3956 El.
666 3906 765 3958 venet.
789 3905 999 3958 contrahunturt

531 4001 602 4049 Anto
620 3999 691 4050 ulios
704 3998 794 4061 primi.
813 3999 911 4047 'tortas
926 3996 1088 4047 umbonibus
1110 3998 1214 4049 lastae.

359 4110 396 4163 V.
406 4112 468 4164 tol.
488 4114 604 4163 Aetna
621 4111 726 4172 (llonte
740 4075 872 4167 (1116110)Ι
882 4120 960 4159 mons
973 4110 1086 4161 Siciliae
1102 4110 1268 4179 ignivomus,
1295 4114 1342 4176 qui
1358 4116 1429 4165 hane
1445 4117 1481 4167 ob
1496 4128 1555 4169 rom

498 4202 609 4253 officina
622 4203 740 4253 Vulcani
754 4202 783 4253 in
797 4200 899 4253 fabulis
917 4192 1056 4251 vocatur.'
1079 4200 1137 4251 Cic.
1153 4203 1216 4252 Div.
1238 4205 1279 4273 Π,
1302 4208 1345 4258 19.

360 4314 396 4367 V.
415 4317 475 4367 616.
491 4315 631 4374 Appula
649 4314 770 4365 tellus.
806 4312 906 4374 Apulia
924 4315 1008 4373 (nuno
1027 4314 1137 4380 Pugile)
1158 4319 1235 4383 regio
1253 4320 1352 4371 ltaliae
1371 4317 1445 4369 inter
1465 4319 1556 4399 Apen-

499 4406 592 4455 ninum
607 4406 726 4456 montem
743 4406 779 4456 ad
793 4404 890 4455 Merid.
907 4407 936 4454 et
950 4416 1026 4456 mare
1037 4408 1199 4459 adriaticum
1216 4412 1244 4462 in
1260 4424 1347 4479 regno
1363 4404 1555 4471 Neapolitano.

361 4518 474 4575 16371.
494 4518 657 4582 Gargani
682 4520 818 4567 montes
842 4516 875 4566 in·
890 4516 991 4581 Apulia
1014 4519 1132 4588 Daunia,
1151 4525 1265 4591 regione
1290 4524 1388 4579 ltaliae
1406 4522 1555 4587 inferioris,

501 4614 656 4674 assurgtmt.
691 4607 775 4674 Mela,
795 4610 822 4675 t,
849 4609 876 4659 1.

362 4724 397 4775 V.
420 4726 481 4778 tlt.
500 4722 672 4776 litameleclt.
698 4720 828 4787 111,1te.
