3634 5667
342 499 415 567 136
526 556 532 566 ,
795 487 1037 561 LIBER
1078 490 1159 564 Vll.

314 706 318 711 ’
342 684 507 754 Mentem
532 683 765 782 animumque
789 686 898 756 Pater
925 686 1078 760 coelesti
1102 686 1293 762 afflaverat
1316 704 1464 783 oestro,

343 803 524 876 Aloindus
548 820 649 878 vates
675 806 838 904 geminas
867 805 916 877 ad
941 806 1063 880 sidera
1086 806 1229 908 palmas
1303 854 1306 863 ·

346 923 519 1013 Sustulit,
544 940 581 996 et
604 924 688 1025 plus
713 951 823 1023 quam
849 927 997 999 mortali
1021 954 1113 1001 voce
1137 929 1306 1004 locutusr

343 1044 570 1135 Nazaridae,
596 1044 745 1117 Alcindi
769 1042 941 1146 suprema
965 1049 1059 1123 haec
1085 1049 1184 1122 dicta
1208 1064 1353 1139 tenete,
1626 1146 1627 1149 Ἴ

345 1167 467 1265 Quae,
494 1165 679 1272 Regu-ele,
704 1182 768 1238 tuo
795 1168 986 1243 subtecto
1013 1196 1033 1243 e
1059 1168 1209 1245 sedibus
1234 1172 1314 1244 istis
1466 1181 1537 1251 395

344 1288 519 1359 Testibus
544 1289 676 1386 hisque
702 1286 798 1361 focis
823 1290 1013 1389 praedico.
1064 1290 1248 1363 Videbitis
1275 1289 1364 1363 olim
1626 1302 1627 1307 ’

343 1410 453 1482 Hunc
477 1434 606 1508 regum
632 1411 783 1507 antiqua
808 1410 1014 1482 venientem
1039 1436 1061 1482 e
1086 1400 1200 1511 stirpe
1225 1411 1410 1500 Paullum,

345 1529 550 1601 Sublimem
571 1528 723 1602 Isacidis
749 1529 838 1602 dare
862 1530 964 1628 jura,
990 1533 1029 1603 in
1054 1557 1232 1631 spemque
1256 1556 1391 1605 vocare

344 1650 536 1724 Haeredes
561 1651 666 1749 regni
690 1651 848 1750 ingentis
855 1682 868 1747 3
893 1678 1034 1751 vosque
1059 1652 1155 1723 illius
1178 1654 1275 1726 iuter

347 1769 505 1871 Sceptra
529 1797 660 1882 manus
684 1771 875 1880 velataque
901 1773 1069 1846 membra
1094 1774 1287 1876 stupebitis
1312 1787 1428 1862 ostro,
1471 1777 1543 1856 400

345 1894 395 1963 Et
420 1890 542 1964 stabili
569 1918 702 1965 nexam
726 1892 797 1965 fixo
824 1892 1032 1967 diademate
1058 1884 1232 1975 frontem.

344 2011 499 2085 Abrami
523 2015 618 2086 haec
643 2009 765 2088 veniet
779 2014 913 2086 'manes
939 2015 1028 2086 mibi
1053 2014 1153 2088 fama
1178 2015 1247 2087 sub
1264 2014 1381 2091 imos.

295 2202 300 2209 ,
345 2138 398 2207 At
421 2132 596 2234 precibus
621 2134 730 2207 nobis
755 2134 978 2234 placandum
1004 2138 1150 2209 Numen
1177 2138 1347 2237 Olympi,

345 2255 451 2327 Haec
474 2256 507 2329 si
532 2254 631 2328 forte
654 2256 726 2355 piis
752 2255 914 2328 lacrimis
941 2284 1079 2331 arcana
1103 2259 1252 2334 revelet.

348 2374 470 2477 Spero
485 2377 670 2477 equidem,
694 2404 795 2451 mors
811 2394 892 2452 atra
909 2379 1010 2477 prius
1030 2406 1141 2478 quam
1154 2380 1303 2453 luminis
1319 2392 1446 2450 autam
1472 2380 1542 2460 405

346 2495 524 2587 Auferat,
551 2514 589 2584 et
611 2499 762 2573 veniens
786 2499 962 2572 mortales
989 2493 1253 2600 exigat'artus,

347 2616 522 2690 Dandum
547 2618 688 2720 aliquid
712 2638 863 2696 nostrae
890 2620 996 2695 caelo
1021 2622 1219 2695 miserante
1246 2633 1431 2693 senectae.

349 2737 415 2812 Sic
439 2766 527 2813 reor
551 2740 652 2813 haud
677 2740 797 2814 dubils
823 2741 938 2840 signis
945 2769 958 2835 3
984 2741 1073 2813 mihi
1096 2747 1270 2843 praescia
1295 2761 1456 2837 namque

348 2859 434 2934 Vox
458 2877 567 2935 sonat
590 2861 745 2936 interior
770 2862 882 2961 longo
908 2862 985 2963 jam
1008 2879 1195 2963 tempore,
1220 2862 1357 2935 nostris

349 2982 444 3054 Esse
469 2985 589 3054 Deum
612 2982 653 3057 in
677 2984 796 3059 torris.
849 2985 916 3059 Sic
934 2979 1023 3066 ille:
1050 3001 1287 3081 extremaque
1312 2980 1411 3053 dicta
1475 2987 1546 3065 tto

350 3102 492 3173 Terrae
517 3102 649 3199 ingens
673 3102 801 3204 fragor
825 3131 871 3180 ac
895 3124 1017 3180 motus
1042 3105 1253 3203 tonitruque
1279 3117 1466 3190 secutum,

354 3222 436 3320 Quo
463 3222 593 3297 domus
620 3251 665 3299 ac
690 3228 786 3307 muri
812 3244 849 3298 et
873 3227 988 3309 muris
1015 3226 1183 3325 disposta
1206 3221 1374 3323 supellex

356 3341 542 3453 stannea,
569 3364 607 3419 et
631 3347 793 3432 insertae
819 3347 914 3427 lauri
939 3370 1166 3451 mensaeque
1190 3341 1341 3419 moveri.

241 3502 245 3522 1
356 3466 540 3540 Continuo
564 3468 721 3569 pavidae
746 3487 883 3552 matres
908 3468 948 3541 in
973 3494 1095 3569 genua
1117 3465 1264 3541 volutae

354 3589 475 3661 Jessei
499 3594 591 3666 vatis
616 3590 762 3691 trepido
788 3616 854 3669 ore
880 3590 1047 3665 evolvere
1073 3610 1244 3663 carmen:
1482 3592 1549 3669 ill

358 3708 425 3793 Cui
448 3714 549 3785 Deus
575 3738 596 3784 e
622 3711 730 3785 coelo
756 3695 924 3812 adjutor,
947 3710 1015 3785 sub
1040 3710 1214 3813 praeside
1238 3724 1345 3782 tanto

356 3830 422 3902 Nil
446 3834 590 3911 timcatt
618 3832 717 3905 dicet
740 3834 921 3924 Domino,
946 3850 986 3907 tu
1009 3833 1122 3924 rebus
1147 3832 1185 3905 iu
1211 3830 1324 3903 arctis

360 3953 458 4052 Spes
487 3972 524 4026 et
547 3953 768 4060 perfugium.
818 3958 900 4029 Nec
926 3954 1047 4029 secius
1073 3962 1159 4026 ae’re
1184 3949 1329 4053 grando

359 4079 507 4147 Interea
535 4075 627 4165 ruit,
654 4094 691 4150 et
714 4076 813 4150 venti
837 4096 1048 4151 transversa
1072 4076 1273 4155 frementes

361 4332 397 4381 V.
417 4332 478 4383 399.
496 4330 528 4380 ln
546 4328 618 4381 Edit.
636 4331 735 4380 venet.
753 4332 822 4384 haec
840 4334 947 4381 tautum
965 4328 1108 4394 legumen

574 4425 761 4475 Haeredes
784 4422 892 4489 regni
917 4420 1094 4485 lugentis.

505 4515 606 4568 cetera
624 4530 711 4579 usque
730 4518 766 4566 ad
783 4516 818 4566 V.
838 4516 890 4587 402
909 4513 1013 4563 excitvs.
1034 4514 1150 4561 (lerunt.¹
1184 4546 1186 4553 .

363 4610 397 4659 V.
417 4613 478 4672 416.
500 4610 602 4661 Confer
620 4610 693 4661 Psal.
711 4611 756 4661 9⁰.
