3634 5667
710 619 957 692 LIBER
1006 622 1034 690 1.

277 827 422 899 Eventu
450 819 591 910 elausa,
616 818 805 922 incipiam.
855 791 939 892 lam
961 803 1131 919 tempore
1155 816 1270 918 longo

279 945 384 1021 Orba
409 969 476 1016 suo
501 940 629 1014 infelix
654 941 747 1033 sole,
773 939 1019 1039 obscurisque
1044 939 1177 1012 relicta
1312 1031 1314 1035 Ι

176 1150 177 1155 ¹
277 1070 320 1137 ln
346 1063 524 1152 tenebris,
549 1062 654 1134 luctu
679 1061 857 1161 squalens
880 1059 1077 1134 moerebat
1100 1058 1240 1132 Idume.

176 1164 177 1255 ζ
245 1187 359 1259 'Nee
385 1202 527 1257 tantum
553 1200 663 1284 rapto
687 1201 818 1254 tenera
843 1182 933 1255 olim
958 1207 1098 1282 sponsa
1122 1179 1258 1254 marito
1394 1229 1405 1240 -
1432 1199 1478 1266 55

277 1306 455 1396 Indoluit,
480 1331 552 1377 nee
577 1323 633 1378 tot
658 1305 857 1406 lacrymas,
881 1319 939 1376 tot
963 1300 1101 1391 taedia,
1126 1299 1221 1373 tales
1302 1353 1305 1356 -

279 1427 434 1500 Pertulit
460 1453 573 1526 aegra
596 1451 733 1527 parens
759 1443 903 1514 noctes,
928 1424 989 1496 eui
1018 1421 1149 1493 funere
1177 1419 1316 1496 acerbo

176 1532 177 1535 Ἴ
279 1547 467 1619 Dilectum
492 1565 578 1618 ante
605 1546 698 1620 alios
723 1547 847 1647 rapuit
871 1571 973 1619 mors
999 1542 1124 1617 invida
1148 1560 1295 1640 natum3

277 1671 360 1741 Nee
386 1667 494 1770 dulor
520 1685 578 1740 est
601 1666 710 1758 ullus,
736 1690 807 1740 nee
832 1682 957 1738 tantus
983 1663 1089 1738 lletus
1116 1681 1316 1755 amantum,

193 1855 199 1871 ,
280 1791 383 1888 Quos
407 1787 541 1888 procul
559 1788 704 1862 avulsos
730 1805 849 1876 terra,
876 1803 939 1859 aut
963 1811 1067 1857 mare
1086 1803 1235 1886 separat
1257 1789 1409 1884 ingens:
1432 1802 1479 1880 lo

280 1910 448 2009 Quantus
475 1926 566 1999 erat,
591 1911 685 1983 Dira
709 1910 903 2008 Pueroque
931 1905 1157 1998 absentibus,
1183 1907 1281 1981 inter
1354 1891 1357 1901 ¹

278 2028 487 2102 Nazaridas
513 2055 684 2102 moeror:
708 2031 870 2130 profuga
895 2055 980 2100 eum
1004 2027 1158 2126 Virgine
1187 2029 1326 2132 quippe

279 2150 392 2223 Visus
416 2149 521 2223 abire
548 2152 667 2225 omnis
684 2151 793 2243 risus,
821 2150 937 2223 decor
961 2165 1074 2248 atque
1099 2149 1259 2248 juventa,

176 2366 177 2371 ἵ
279 2271 361 2342 Nee
386 2271 530 2347 miseris
555 2275 722 2346 reditura
745 2297 911 2371 unquam
934 2287 1016 2341 tam·
1039 2268 1101 2340 dia
1125 2270 1307 2372 voluptas.

355 2393 454 2499 Fons¹
481 2396 624 2467 eratin
649 2395 774 2467 medio
797 2393 898 2493 pagi,
926 2415 1001 2490 quo
1027 2415 1140 2490 saepe
1166 2392 1313 2468 solebat
1433 2404 1479 2484 45
1507 2475 1509 2480 ,

277 2513 485 2587 Lotriees
475 2533 572 2586 inter
595 2515 759 2615 reliquas
783 2513 1035 2615 pulcherrima
1059 2529 1218 2583 matrum

175 2684 177 2689 -
278 2635 502 2708 Panniculus
528 2639 636 2708 Pueri
662 2639 778 2709 vitreo
804 2653 979 2732 torquere
1005 2629 1158 2724 fluento,

176 2822 178 2831 ,
250 2753 367 2846 ‘Mon
391 2755 542 2828 herba'
531 2785 571 2828 m
596 2756 703 2829 viridi
727 2781 841 2856 puras
867 2753 1080 2827 distendere
1107 2755 1302 2858 adamas,

188 2938 198 2954 ,
278 2877 361 2947 Huc
387 2877 495 2950 variis
523 2877 658 2977 plumis
682 2902 873 2976 nunquam
899 2892 1010 2947 antea
1033 2875 1111 2949 visa
1135 2876 1295 2950 volucris

278 3001 470 3096 Purpurea
496 2999 640 3071 cerviae
666 3015 704 3070 et
727 2995 1014 3072 versicoloribus
1041 2996 1140 3068 alis
1221 2972 1272 2994 κ’
1433 3014 1480 3082 50

277 3114 447 3190 Venerat
472 3143 494 3188 e
519 3119 617 3210 Nilo,
643 3143 833 3218 partoque
859 3134 1071 3190 assueverat
1094 3119 1219 3215 amni,
1253 3196 1256 3206 ,
1495 3116 1498 3120 ’

277 3238 571 3340 Frondosaeque
597 3238 668 3311 sibi
693 3256 832 3311 tectum
858 3239 1050 3337 delegerat
1072 3238 1169 3310 inter

277 3360 413 3432 Aie'rios
441 3385 565 3431 ramos
593 3377 630 3432 et
655 3385 798 3460 opacae
825 3357 1043 3432 umbracula
1068 3357 1156 3458 fagi.

276 3480 349 3552 Illa
373 3481 494 3580 igitur,
523 3481 668 3579 quoties
693 3481 856 3554 herboso
881 3481 919 3552 in
945 3479 1112 3578 margine
1135 3496 1273 3555 matres
1342 3563 1344 3568 ,

275 3711 314 3763 V.
327 3713 371 3764 64.
387 3713 506 3762 iduma
523 3715 585 3764 sive
603 3714 743 3781 Idumaea,
766 3713 843 3780 ragio
861 3714 935 3765 inter
949 3714 1133 3768 Palaestinam
1143 3711 1348 3768 meridionalem
1365 3715 1394 3762 et
1408 3713 1481 3766 Ara·

387 3804 478 3869 biam,
497 3804 563 3856 elim
587 3809 698 3855 eterra
719 3806 837 3856 Jataelis
864 3810 925 3857 erat
952 3807 1099 3876 distincta,
1126 3811 1176 3858 sed
1201 3805 1310 3860 tandem
1333 3803 1410 3854 faeta
1438 3807 1482 3854 est
1505 3817 1506 3822 ¹

387 3897 512 3947 Judaeae
529 3908 595 3959 pars
614 3900 642 3946 et
658 3899 802 3958 pruvincia
820 3913 838 3950 a
855 3901 962 3951 Davide
980 3903 1095 3964 primum
1113 3902 1238 3966 subacta,
1257 3898 1319 3958 post
1337 3907 1355 3944 a
1372 3895 1480 3970 duanae

386 3988 517 4050 Hyrcano
545 3994 725 4050 recuperata:
752 4003 833 4053 quam
850 3993 885 4042 ob
903 4006 962 4041 rem
979 3993 1072 4042 Idume
1089 4003 1138 4054 pro
1156 3993 1218 4054 ipsa
1234 3989 1390 4041 Palaestina
1405 3989 1481 4039 ecel-

386 4082 483 4142 pitur.·
505 4083 648 4147 bigitioot
666 4081 849 4146 chorograph.
887 4085 982 4133 Mareu
1000 4086 1142 4145 praemiss.
1163 4097 1186 4134 e.
1208 4086 1233 4137 1.
1303 4071 1305 4075 Α

273 4173 313 4222 V.
326 4174 370 4224 42.
392 4172 574 4223 Nazareth
602 4176 667 4223 urbs
692 4174 836 4224 Galilaeae
860 4174 1002 4224 inferioris
1028 4176 1057 4226 in
1082 4179 1174 4226 munte
1200 4176 1263 4226 sita.
1287 4174 1355 4223 Luu.
1382 4169 1410 4238 l,
1434 4171 1478 4224 29.

388 4264 650 4330 Proingaeum
675 4265 839 4330 Virgine.
892 4268 989 4316 Metti.
1017 4269 1043 4333 8,
1069 4269 1102 4319 1³
1128 4280 1204 4330 seqq
1232 4268 1424 4331 Aegyptus
1450 4264 1480 4314 in

386 4357 471 4404 relus
482 4358 609 4407 adversis
616 4359 783 4408 Judaeomm
791 4362 852 4411 etat
862 4359 1027 4424 euniugmm
1040 4359 1140 4410 denes.
1149 4360 1228 4426 tae.
1237 4360 1284 4413 tv.
1286 4363 1374 4426 llegg.
1381 4361 1426 4425 25,
1435 4359 1478 4409 26

271 4449 314 4502 v
335 4450 382 4500 te
399 4449 476 4498 aare.
494 4449 619 4499 veneta·
1535 4433 1539 4440 “

386 4541 448 4590 line
464 4541 552 4593 variis
569 4541 649 4592 dives
665 4540 765 4609 plumis
782 4544 930 4609 peregrina
947 4543 1070 4596 volueris

270 4644 312 4694 V.
335 4644 381 4694 ai.
399 4642 510 4690 Nilus
537 4629 691 4709 (Nattae)
717 4647 876 4696 notissimus
897 4647 1020 4712 Aegypti
1046 4645 1163 4711 turias,
1197 4645 1244 4709 qui
1267 4646 1296 4698 itt
1313 4634 1478 4718 Aegyptium

409 4746 487 4784 mare
503 4741 609 4797 septem
626 4737 705 4788 estiis
722 4751 754 4788 aa
771 4742 913 4789 exonerat.
949 4740 1049 4788 Jttven.
1057 4739 1101 4805 1³,
1110 4738 1154 4790 ld.

1206 4823 1270 4906 1*
