<?xml version="1.0" encoding="UTF-8"?>
<!DOCTYPE html PUBLIC "-//W3C//DTD XHTML 1.0 Transitional//EN"
    "http://www.w3.org/TR/xhtml1/DTD/xhtml1-transitional.dtd">
<html xmlns="http://www.w3.org/1999/xhtml" xml:lang="en" lang="en">
 <head>
  <title>
</title>
<meta http-equiv="Content-Type" content="text/html;charset=utf-8" />
  <meta name='ocr-system' content='tesseract 3.04.00' />
  <meta name='ocr-capabilities' content='ocr_page ocr_carea ocr_par ocr_line ocrx_word'/>
</head>
<body>
  <div class='ocr_page' id='page_1' title='image "./jesuspuer00cevagoog_0207.png"; bbox 0 0 3634 5667; ppageno 0'>
   <div class='ocr_carea' id='block_1_1' title="bbox 776 599 1526 720">
    <p class='ocr_par' dir='ltr' id='par_1_1' title="bbox 776 599 1526 720">
     <span class='ocr_line' id='line_1_1' title="bbox 776 599 1526 720; baseline 0.004 -49"><span class='ocrx_word' id='word_1_1' title='bbox 776 599 1020 673; x_wconf 78' lang='lat' dir='ltr'><strong>LIBER</strong></span> <span class='ocrx_word' id='word_1_2' title='bbox 1067 599 1193 673; x_wconf 53' lang='lat' dir='ltr'>lxm</span> <span class='ocrx_word' id='word_1_3' title='bbox 1384 618 1526 720; x_wconf 27' lang='lat'>‘175</span> 
     </span>
    </p>
   </div>
   <div class='ocr_carea' id='block_1_2' title="bbox 327 782 1580 4280">
    <p class='ocr_par' dir='ltr' id='par_1_2' title="bbox 328 782 1271 897">
     <span class='ocr_line' id='line_1_2' title="bbox 328 782 1271 897; baseline -0.005 -23"><span class='ocrx_word' id='word_1_4' title='bbox 328 796 556 874; x_wconf 82' lang='lat' dir='ltr'>Zacharides</span> <span class='ocrx_word' id='word_1_5' title='bbox 576 793 684 897; x_wconf 83' lang='lat' dir='ltr'>jussit</span> <span class='ocrx_word' id='word_1_6' title='bbox 705 794 854 869; x_wconf 88' lang='lat' dir='ltr'>turbam</span> <span class='ocrx_word' id='word_1_7' title='bbox 878 794 1074 871; x_wconf 76' lang='lat' dir='ltr'><strong>discedere</strong></span> <span class='ocrx_word' id='word_1_8' title='bbox 1097 782 1271 897; x_wconf 79' lang='lat' dir='ltr'>utrinqne</span> 
     </span>
    </p>

    <p class='ocr_par' dir='ltr' id='par_1_3' title="bbox 327 913 1526 1141">
     <span class='ocr_line' id='line_1_3' title="bbox 329 913 1526 1019; baseline -0.002 -25"><span class='ocrx_word' id='word_1_9' title='bbox 329 920 506 994; x_wconf 87' lang='lat' dir='ltr'>Partitam</span> <span class='ocrx_word' id='word_1_10' title='bbox 527 917 721 1013; x_wconf 72' lang='lat' dir='ltr'>ordinibus</span> <span class='ocrx_word' id='word_1_11' title='bbox 743 913 886 1017; x_wconf 64' lang='lat' dir='ltr'>longis)</span> <span class='ocrx_word' id='word_1_12' title='bbox 913 916 1061 1016; x_wconf 85' lang='lat' dir='ltr'>duxque</span> <span class='ocrx_word' id='word_1_13' title='bbox 1079 917 1235 1017; x_wconf 88' lang='lat' dir='ltr'>agminis</span> <span class='ocrx_word' id='word_1_14' title='bbox 1260 917 1343 1019; x_wconf 87' lang='lat' dir='ltr'>ipse</span> <span class='ocrx_word' id='word_1_15' title='bbox 1376 942 1378 945; x_wconf 84' lang='lat'>·</span> <span class='ocrx_word' id='word_1_16' title='bbox 1454 935 1526 1005; x_wconf 81' lang='lat'>510</span> 
     </span>
     <span class='ocr_line' id='line_1_4' title="bbox 327 1015 1282 1141; baseline -0.001 -28"><span class='ocrx_word' id='word_1_17' title='bbox 327 1044 607 1139; x_wconf 85' lang='lat' dir='ltr'>Instructorque</span> <span class='ocrx_word' id='word_1_18' title='bbox 631 1015 713 1112; x_wconf 76' lang='lat' dir='ltr'>ibat</span> <span class='ocrx_word' id='word_1_19' title='bbox 732 1036 899 1141; x_wconf 75' lang='lat' dir='ltr'>medius3</span> <span class='ocrx_word' id='word_1_20' title='bbox 925 1039 1124 1138; x_wconf 87' lang='lat' dir='ltr'>spatioque</span> <span class='ocrx_word' id='word_1_21' title='bbox 1147 1038 1282 1112; x_wconf 84' lang='lat' dir='ltr'>relicto</span> 
     </span>
    </p>

    <p class='ocr_par' dir='ltr' id='par_1_4' title="bbox 329 1156 1348 1261">
     <span class='ocr_line' id='line_1_5' title="bbox 329 1156 1348 1261; baseline -0.001 -29"><span class='ocrx_word' id='word_1_22' title='bbox 329 1161 427 1233; x_wconf 90' lang='lat' dir='ltr'>Hine</span> <span class='ocrx_word' id='word_1_23' title='bbox 451 1177 565 1261; x_wconf 88' lang='lat' dir='ltr'>atque</span> <span class='ocrx_word' id='word_1_24' title='bbox 587 1156 676 1232; x_wconf 88' lang='lat' dir='ltr'>inde</span> <span class='ocrx_word' id='word_1_25' title='bbox 699 1158 797 1234; x_wconf 83' lang='lat' dir='ltr'>viam</span> <span class='ocrx_word' id='word_1_26' title='bbox 820 1159 932 1232; x_wconf 86' lang='lat' dir='ltr'>Matri</span> <span class='ocrx_word' id='word_1_27' title='bbox 957 1162 1152 1259; x_wconf 86' lang='lat' dir='ltr'>Pueroqne</span> <span class='ocrx_word' id='word_1_28' title='bbox 1176 1159 1348 1261; x_wconf 85' lang='lat' dir='ltr'>parabat,</span> 
     </span>
    </p>

    <p class='ocr_par' dir='ltr' id='par_1_5' title="bbox 328 1278 1530 1744">
     <span class='ocr_line' id='line_1_6' title="bbox 332 1278 1420 1382; baseline 0.003 -31"><span class='ocrx_word' id='word_1_29' title='bbox 332 1284 429 1353; x_wconf 79' lang='lat' dir='ltr'>&#39;l&#39;um</span> <span class='ocrx_word' id='word_1_30' title='bbox 452 1280 613 1382; x_wconf 82' lang='lat' dir='ltr'>patrium</span> <span class='ocrx_word' id='word_1_31' title='bbox 636 1280 797 1353; x_wconf 83' lang='lat' dir='ltr'><strong>intonuit</strong></span> <span class='ocrx_word' id='word_1_32' title='bbox 819 1304 1020 1355; x_wconf 88' lang='lat' dir='ltr'>nemorosa</span> <span class='ocrx_word' id='word_1_33' title='bbox 1044 1304 1113 1381; x_wconf 89' lang='lat' dir='ltr'>per</span> <span class='ocrx_word' id='word_1_34' title='bbox 1131 1278 1214 1355; x_wconf 84' lang='lat' dir='ltr'>avia</span> <span class='ocrx_word' id='word_1_35' title='bbox 1241 1304 1393 1357; x_wconf 86' lang='lat' dir='ltr'>carmen</span> <span class='ocrx_word' id='word_1_36' title='bbox 1415 1303 1420 1318; x_wconf 84' lang='lat'><strong><em>¹</em></strong></span> 
     </span>
     <span class='ocr_line' id='line_1_7' title="bbox 329 1400 1440 1498; baseline 0.003 -25"><span class='ocrx_word' id='word_1_37' title='bbox 329 1400 563 1474; x_wconf 79' lang='lat' dir='ltr'><strong>Adventante</strong></span> <span class='ocrx_word' id='word_1_38' title='bbox 584 1403 686 1498; x_wconf 82' lang='lat' dir='ltr'>De03</span> <span class='ocrx_word' id='word_1_39' title='bbox 710 1401 779 1475; x_wconf 86' lang='lat' dir='ltr'>visi</span> <span class='ocrx_word' id='word_1_40' title='bbox 803 1400 999 1475; x_wconf 80' lang='lat' dir='ltr'>subsidere</span> <span class='ocrx_word' id='word_1_41' title='bbox 1024 1400 1141 1475; x_wconf 85' lang='lat' dir='ltr'>eolles</span> <span class='ocrx_word' id='word_1_42' title='bbox 1437 1482 1440 1487; x_wconf 64' lang='grc'><strong><em>,</em></strong></span> 
     </span>
     <span class='ocr_line' id='line_1_8' title="bbox 328 1520 1530 1623; baseline 0.003 -30"><span class='ocrx_word' id='word_1_43' title='bbox 328 1520 541 1617; x_wconf 87' lang='lat' dir='ltr'>Palmiferi,</span> <span class='ocrx_word' id='word_1_44' title='bbox 565 1521 755 1623; x_wconf 87' lang='lat' dir='ltr'>trepidare</span> <span class='ocrx_word' id='word_1_45' title='bbox 780 1538 900 1614; x_wconf 90' lang='lat' dir='ltr'>metu,</span> <span class='ocrx_word' id='word_1_46' title='bbox 925 1540 1086 1594; x_wconf 90' lang='lat' dir='ltr'>tremere</span> <span class='ocrx_word' id='word_1_47' title='bbox 1112 1520 1237 1595; x_wconf 88' lang='lat' dir='ltr'>omnia</span> <span class='ocrx_word' id='word_1_48' title='bbox 1261 1522 1415 1605; x_wconf 80' lang='lat' dir='ltr'>eirenm.</span> <span class='ocrx_word' id='word_1_49' title='bbox 1458 1539 1530 1610; x_wconf 83' lang='lat'>515</span> 
     </span>
     <span class='ocr_line' id='line_1_9' title="bbox 330 1632 1253 1744; baseline 0.001 -30"><span class='ocrx_word' id='word_1_50' title='bbox 330 1632 528 1743; x_wconf 82' lang='lat' dir='ltr'>Principio</span> <span class='ocrx_word' id='word_1_51' title='bbox 541 1642 713 1715; x_wconf 90' lang='lat' dir='ltr'>labarum</span> <span class='ocrx_word' id='word_1_52' title='bbox 737 1640 900 1715; x_wconf 86' lang='lat' dir='ltr'>coeleste</span> <span class='ocrx_word' id='word_1_53' title='bbox 927 1644 1099 1743; x_wconf 86' lang='lat' dir='ltr'>apparuit</span> <span class='ocrx_word' id='word_1_54' title='bbox 1122 1644 1253 1744; x_wconf 88' lang='lat' dir='ltr'>ingens</span> 
     </span>
    </p>

    <p class='ocr_par' dir='ltr' id='par_1_6' title="bbox 328 1762 1345 1864">
     <span class='ocr_line' id='line_1_10' title="bbox 328 1762 1345 1864; baseline 0.005 -31"><span class='ocrx_word' id='word_1_55' title='bbox 328 1765 431 1835; x_wconf 88' lang='lat' dir='ltr'>Inter</span> <span class='ocrx_word' id='word_1_56' title='bbox 456 1762 559 1836; x_wconf 87' lang='lat' dir='ltr'>clara</span> <span class='ocrx_word' id='word_1_57' title='bbox 581 1763 695 1840; x_wconf 91' lang='lat' dir='ltr'>tubae</span> <span class='ocrx_word' id='word_1_58' title='bbox 719 1764 933 1864; x_wconf 87' lang='lat' dir='ltr'>praeeuntis</span> <span class='ocrx_word' id='word_1_59' title='bbox 960 1762 1137 1838; x_wconf 87' lang='lat' dir='ltr'>earmina.</span> <span class='ocrx_word' id='word_1_60' title='bbox 1189 1762 1345 1838; x_wconf 82' lang='lat' dir='ltr'>Centum</span> 
     </span>
    </p>

    <p class='ocr_par' dir='ltr' id='par_1_7' title="bbox 330 1882 1383 1985">
     <span class='ocr_line' id='line_1_11' title="bbox 330 1882 1383 1985; baseline 0.005 -31"><span class='ocrx_word' id='word_1_61' title='bbox 330 1884 430 1957; x_wconf 88' lang='lat' dir='ltr'>Hine</span> <span class='ocrx_word' id='word_1_62' title='bbox 453 1901 567 1985; x_wconf 84' lang='lat' dir='ltr'>atque</span> <span class='ocrx_word' id='word_1_63' title='bbox 593 1886 681 1958; x_wconf 84' lang='lat' dir='ltr'>hine</span> <span class='ocrx_word' id='word_1_64' title='bbox 706 1884 864 1957; x_wconf 90' lang='lat' dir='ltr'>aderant</span> <span class='ocrx_word' id='word_1_65' title='bbox 888 1882 985 1957; x_wconf 89' lang='lat' dir='ltr'>eeris</span> <span class='ocrx_word' id='word_1_66' title='bbox 1011 1883 1247 1975; x_wconf 81' lang='lat' dir='ltr'>ardentibus,</span> <span class='ocrx_word' id='word_1_67' title='bbox 1280 1902 1383 1959; x_wconf 85' lang='lat' dir='ltr'>ostro</span> 
     </span>
    </p>

    <p class='ocr_par' dir='ltr' id='par_1_8' title="bbox 330 2003 1532 2345">
     <span class='ocr_line' id='line_1_12' title="bbox 330 2003 1335 2106; baseline 0.008 -32"><span class='ocrx_word' id='word_1_68' title='bbox 330 2006 379 2075; x_wconf 86' lang='lat' dir='ltr'>Et</span> <span class='ocrx_word' id='word_1_69' title='bbox 402 2003 519 2104; x_wconf 89' lang='lat' dir='ltr'>bysso</span> <span class='ocrx_word' id='word_1_70' title='bbox 545 2005 709 2104; x_wconf 89' lang='lat' dir='ltr'>insignes</span> <span class='ocrx_word' id='word_1_71' title='bbox 733 2006 899 2106; x_wconf 81' lang='lat' dir='ltr'>juvenes.</span> <span class='ocrx_word' id='word_1_72' title='bbox 951 2003 1181 2078; x_wconf 82' lang='lat' dir='ltr'>Comitantur</span> <span class='ocrx_word' id='word_1_73' title='bbox 1205 2022 1335 2082; x_wconf 90' lang='lat' dir='ltr'>euntes</span> 
     </span>
     <span class='ocr_line' id='line_1_13' title="bbox 331 2123 1532 2226; baseline 0.004 -30"><span class='ocrx_word' id='word_1_74' title='bbox 331 2123 555 2196; x_wconf 83' lang='lat' dir='ltr'>Nazaridum</span> <span class='ocrx_word' id='word_1_75' title='bbox 582 2126 703 2225; x_wconf 85' lang='lat' dir='ltr'>exigui</span> <span class='ocrx_word' id='word_1_76' title='bbox 727 2150 877 2214; x_wconf 86' lang='lat' dir='ltr'>manes,</span> <span class='ocrx_word' id='word_1_77' title='bbox 904 2148 999 2223; x_wconf 89' lang='lat' dir='ltr'>quos</span> <span class='ocrx_word' id='word_1_78' title='bbox 1025 2123 1156 2198; x_wconf 83' lang='lat' dir='ltr'>funere</span> <span class='ocrx_word' id='word_1_79' title='bbox 1181 2126 1372 2226; x_wconf 53' lang='lat' dir='ltr'>vendam</span> <span class='ocrx_word' id='word_1_80' title='bbox 1460 2141 1532 2213; x_wconf 71' lang='lat'>520</span> 
     </span>
     <span class='ocr_line' id='line_1_14' title="bbox 332 2242 1400 2345; baseline 0.008 -31"><span class='ocrx_word' id='word_1_81' title='bbox 332 2243 489 2316; x_wconf 89' lang='lat' dir='ltr'>Sustulit</span> <span class='ocrx_word' id='word_1_82' title='bbox 510 2245 703 2334; x_wconf 88' lang='lat' dir='ltr'>Herodes,</span> <span class='ocrx_word' id='word_1_83' title='bbox 730 2244 864 2345; x_wconf 88' lang='lat' dir='ltr'>quibus</span> <span class='ocrx_word' id='word_1_84' title='bbox 890 2242 1064 2316; x_wconf 89' lang='lat' dir='ltr'>omnibus</span> <span class='ocrx_word' id='word_1_85' title='bbox 1090 2244 1176 2345; x_wconf 84' lang='lat' dir='ltr'>igne</span> <span class='ocrx_word' id='word_1_86' title='bbox 1200 2245 1400 2345; x_wconf 85' lang='lat' dir='ltr'>flagrantes</span> 
     </span>
    </p>

    <p class='ocr_par' dir='ltr' id='par_1_9' title="bbox 331 2362 1300 2446">
     <span class='ocr_line' id='line_1_15' title="bbox 331 2362 1300 2446; baseline 0.005 -11"><span class='ocrx_word' id='word_1_87' title='bbox 331 2366 375 2437; x_wconf 91' lang='lat' dir='ltr'>ln</span> <span class='ocrx_word' id='word_1_88' title='bbox 400 2362 537 2437; x_wconf 81' lang='lat' dir='ltr'>dextris</span> <span class='ocrx_word' id='word_1_89' title='bbox 562 2364 721 2438; x_wconf 88' lang='lat' dir='ltr'>faculae.</span> <span class='ocrx_word' id='word_1_90' title='bbox 771 2368 907 2440; x_wconf 87' lang='lat' dir='ltr'>Vestes</span> <span class='ocrx_word' id='word_1_91' title='bbox 933 2383 972 2439; x_wconf 90' lang='lat' dir='ltr'>et</span> <span class='ocrx_word' id='word_1_92' title='bbox 994 2365 1147 2446; x_wconf 79' lang='lat' dir='ltr'>vulnera</span> <span class='ocrx_word' id='word_1_93' title='bbox 1172 2383 1210 2439; x_wconf 88' lang='lat' dir='ltr'>et</span> <span class='ocrx_word' id='word_1_94' title='bbox 1233 2392 1300 2441; x_wconf 88' lang='lat' dir='ltr'>ora</span> 
     </span>
    </p>

    <p class='ocr_par' dir='ltr' id='par_1_10' title="bbox 332 2484 1404 2707">
     <span class='ocr_line' id='line_1_16' title="bbox 332 2484 1404 2588; baseline 0.008 -33"><span class='ocrx_word' id='word_1_95' title='bbox 332 2485 455 2584; x_wconf 83' lang='lat' dir='ltr'>Atque</span> <span class='ocrx_word' id='word_1_96' title='bbox 480 2484 564 2559; x_wconf 91' lang='lat' dir='ltr'>illas</span> <span class='ocrx_word' id='word_1_97' title='bbox 588 2487 690 2587; x_wconf 91' lang='lat' dir='ltr'>ipsas</span> <span class='ocrx_word' id='word_1_98' title='bbox 716 2485 955 2587; x_wconf 75' lang='lat' dir='ltr'>chlamydeS‚</span> <span class='ocrx_word' id='word_1_99' title='bbox 982 2512 1076 2588; x_wconf 86' lang='lat' dir='ltr'>quas</span> <span class='ocrx_word' id='word_1_100' title='bbox 1100 2505 1261 2588; x_wconf 87' lang='lat' dir='ltr'>utraque</span> <span class='ocrx_word' id='word_1_101' title='bbox 1283 2505 1404 2582; x_wconf 81' lang='lat' dir='ltr'>neret,</span> 
     </span>
     <span class='ocr_line' id='line_1_17' title="bbox 334 2605 1270 2707; baseline 0.007 -30"><span class='ocrx_word' id='word_1_102' title='bbox 334 2605 518 2679; x_wconf 84' lang='lat' dir='ltr'>Continuo</span> <span class='ocrx_word' id='word_1_103' title='bbox 543 2608 692 2707; x_wconf 85' lang='lat' dir='ltr'>agnovit</span> <span class='ocrx_word' id='word_1_104' title='bbox 715 2607 859 2681; x_wconf 86' lang='lat' dir='ltr'>Rachel</span> <span class='ocrx_word' id='word_1_105' title='bbox 884 2625 998 2707; x_wconf 88' lang='lat' dir='ltr'>atque</span> <span class='ocrx_word' id='word_1_106' title='bbox 1019 2608 1137 2697; x_wconf 43' lang='lat' dir='ltr'>‚anxia</span> <span class='ocrx_word' id='word_1_107' title='bbox 1160 2608 1270 2683; x_wconf 86' lang='lat' dir='ltr'>Dina.</span> 
     </span>
    </p>

    <p class='ocr_par' dir='ltr' id='par_1_11' title="bbox 332 2724 1578 3168">
     <span class='ocr_line' id='line_1_18' title="bbox 333 2724 1534 2831; baseline 0.007 -33"><span class='ocrx_word' id='word_1_108' title='bbox 333 2730 526 2799; x_wconf 88' lang='lat' dir='ltr'>Benonem</span> <span class='ocrx_word' id='word_1_109' title='bbox 550 2727 614 2799; x_wconf 92' lang='lat' dir='ltr'>illa</span> <span class='ocrx_word' id='word_1_110' title='bbox 628 2755 755 2820; x_wconf 85' lang='lat' dir='ltr'>sunm,</span> <span class='ocrx_word' id='word_1_111' title='bbox 780 2728 977 2831; x_wconf 84' lang='lat' dir='ltr'>pulchrum</span> <span class='ocrx_word' id='word_1_112' title='bbox 1000 2724 1101 2804; x_wconf 79' lang='lat' dir='ltr'>videt</span> <span class='ocrx_word' id='word_1_113' title='bbox 1123 2727 1240 2802; x_wconf 86' lang='lat' dir='ltr'>altera</span> <span class='ocrx_word' id='word_1_114' title='bbox 1260 2728 1435 2822; x_wconf 84' lang='lat' dir='ltr'>Eberum,</span> <span class='ocrx_word' id='word_1_115' title='bbox 1461 2742 1534 2814; x_wconf 77' lang='lat'>525</span> 
     </span>
     <span class='ocr_line' id='line_1_19' title="bbox 334 2848 1389 2956; baseline 0.004 -36"><span class='ocrx_word' id='word_1_116' title='bbox 334 2850 436 2949; x_wconf 81' lang='lat' dir='ltr'>Quos</span> <span class='ocrx_word' id='word_1_117' title='bbox 460 2849 613 2949; x_wconf 89' lang='lat' dir='ltr'>longum</span> <span class='ocrx_word' id='word_1_118' title='bbox 637 2848 784 2926; x_wconf 81' lang='lat' dir='ltr'>flerent.</span> <span class='ocrx_word' id='word_1_119' title='bbox 833 2852 896 2925; x_wconf 91' lang='lat' dir='ltr'>Bis</span> <span class='ocrx_word' id='word_1_120' title='bbox 923 2870 1067 2956; x_wconf 86' lang='lat' dir='ltr'>septem</span> <span class='ocrx_word' id='word_1_121' title='bbox 1091 2874 1192 2951; x_wconf 91' lang='lat' dir='ltr'>pone</span> <span class='ocrx_word' id='word_1_122' title='bbox 1218 2850 1389 2923; x_wconf 84' lang='lat' dir='ltr'>canistris</span> 
     </span>
     <span class='ocr_line' id='line_1_20' title="bbox 332 2967 1578 3076; baseline 0.002 -35"><span class='ocrx_word' id='word_1_123' title='bbox 332 2974 542 3070; x_wconf 87' lang='lat' dir='ltr'>Purpureas</span> <span class='ocrx_word' id='word_1_124' title='bbox 569 2967 729 3045; x_wconf 86' lang='lat' dir='ltr'>fundunt</span> <span class='ocrx_word' id='word_1_125' title='bbox 753 2969 871 3068; x_wconf 65' lang='lat' dir='ltr'>violps</span> <span class='ocrx_word' id='word_1_126' title='bbox 896 2972 1120 3072; x_wconf 85' lang='lat' dir='ltr'>nimbosque</span> <span class='ocrx_word' id='word_1_127' title='bbox 1144 2994 1316 3076; x_wconf 61' lang='lat' dir='ltr'>rosarum</span> <span class='ocrx_word' id='word_1_128' title='bbox 1569 3000 1578 3033; x_wconf 68' lang='grc' dir='ltr'><strong>ι</strong></span> 
     </span>
     <span class='ocr_line' id='line_1_21' title="bbox 333 3088 1170 3168; baseline 0.005 -7"><span class='ocrx_word' id='word_1_129' title='bbox 333 3090 500 3163; x_wconf 86' lang='lat' dir='ltr'>Infantes</span> <span class='ocrx_word' id='word_1_130' title='bbox 526 3090 607 3167; x_wconf 74' lang='lat' dir='ltr'>aliis</span> <span class='ocrx_word' id='word_1_131' title='bbox 632 3088 743 3163; x_wconf 88' lang='lat' dir='ltr'>rubet</span> <span class='ocrx_word' id='word_1_132' title='bbox 764 3093 886 3168; x_wconf 86' lang='lat' dir='ltr'>omnis</span> <span class='ocrx_word' id='word_1_133' title='bbox 911 3093 1043 3167; x_wconf 88' lang='lat' dir='ltr'>semita</span> <span class='ocrx_word' id='word_1_134' title='bbox 1066 3092 1170 3165; x_wconf 88' lang='lat' dir='ltr'>flore.</span> 
     </span>
    </p>

    <p class='ocr_par' dir='ltr' id='par_1_12' title="bbox 333 3210 1580 3916">
     <span class='ocr_line' id='line_1_22' title="bbox 333 3210 1580 3315; baseline 0.002 -32"><span class='ocrx_word' id='word_1_135' title='bbox 333 3212 384 3284; x_wconf 89' lang='lat' dir='ltr'>At</span> <span class='ocrx_word' id='word_1_136' title='bbox 407 3211 536 3285; x_wconf 85' lang='lat' dir='ltr'>victrix</span> <span class='ocrx_word' id='word_1_137' title='bbox 561 3238 709 3312; x_wconf 85' lang='lat' dir='ltr'>gressus</span> <span class='ocrx_word' id='word_1_138' title='bbox 733 3236 804 3312; x_wconf 87' lang='lat' dir='ltr'>per</span> <span class='ocrx_word' id='word_1_139' title='bbox 828 3212 990 3285; x_wconf 87' lang='lat' dir='ltr'>candida</span> <span class='ocrx_word' id='word_1_140' title='bbox 1015 3231 1116 3289; x_wconf 88' lang='lat' dir='ltr'>serta</span> <span class='ocrx_word' id='word_1_141' title='bbox 1139 3210 1307 3309; x_wconf 83' lang='lat' dir='ltr'>ferebat,</span> <span class='ocrx_word' id='word_1_142' title='bbox 1569 3304 1580 3315; x_wconf 24' lang='lat' dir='ltr'><em>l</em></span> 
     </span>
     <span class='ocr_line' id='line_1_23' title="bbox 333 3332 1563 3435; baseline 0.004 -30"><span class='ocrx_word' id='word_1_143' title='bbox 333 3335 475 3405; x_wconf 84' lang='lat' dir='ltr'>Aurata</span> <span class='ocrx_word' id='word_1_144' title='bbox 498 3332 653 3431; x_wconf 88' lang='lat' dir='ltr'>insignis</span> <span class='ocrx_word' id='word_1_145' title='bbox 677 3333 780 3435; x_wconf 90' lang='lat' dir='ltr'>palla</span> <span class='ocrx_word' id='word_1_146' title='bbox 802 3332 964 3411; x_wconf 77' lang='lat' dir='ltr'>victrinis</span> <span class='ocrx_word' id='word_1_147' title='bbox 988 3334 1113 3435; x_wconf 82' lang='lat' dir='ltr'>imago</span> <span class='ocrx_word' id='word_1_148' title='bbox 1179 3366 1194 3380; x_wconf 67' lang='lat'><strong><em>‘</em></strong></span> <span class='ocrx_word' id='word_1_149' title='bbox 1462 3343 1563 3412; x_wconf 75' lang='lat'>550·</span> 
     </span>
     <span class='ocr_line' id='line_1_24' title="bbox 334 3449 1503 3554; baseline -0.001 -28"><span class='ocrx_word' id='word_1_150' title='bbox 334 3452 530 3547; x_wconf 81' lang='lat' dir='ltr'>ludithae‚</span> <span class='ocrx_word' id='word_1_151' title='bbox 556 3454 615 3525; x_wconf 88' lang='lat' dir='ltr'>eni</span> <span class='ocrx_word' id='word_1_152' title='bbox 640 3452 793 3553; x_wconf 87' lang='lat' dir='ltr'>peplum</span> <span class='ocrx_word' id='word_1_153' title='bbox 817 3454 980 3526; x_wconf 89' lang='lat' dir='ltr'>humeris</span> <span class='ocrx_word' id='word_1_154' title='bbox 1005 3470 1118 3554; x_wconf 85' lang='lat' dir='ltr'>atque</span> <span class='ocrx_word' id='word_1_155' title='bbox 1143 3452 1299 3525; x_wconf 85' lang='lat' dir='ltr'>annulus</span> <span class='ocrx_word' id='word_1_156' title='bbox 1325 3449 1461 3525; x_wconf 87' lang='lat' dir='ltr'>ardens</span> <span class='ocrx_word' id='word_1_157' title='bbox 1501 3467 1503 3473; x_wconf 82' lang='grc'><em>’</em></span> 
     </span>
     <span class='ocr_line' id='line_1_25' title="bbox 334 3570 1370 3675; baseline -0.002 -29"><span class='ocrx_word' id='word_1_158' title='bbox 334 3576 378 3647; x_wconf 87' lang='lat' dir='ltr'>ln</span> <span class='ocrx_word' id='word_1_159' title='bbox 401 3572 528 3672; x_wconf 85' lang='lat' dir='ltr'>digito.</span> <span class='ocrx_word' id='word_1_160' title='bbox 577 3570 673 3643; x_wconf 89' lang='lat' dir='ltr'>Hine</span> <span class='ocrx_word' id='word_1_161' title='bbox 697 3573 818 3646; x_wconf 89' lang='lat' dir='ltr'>lassae</span> <span class='ocrx_word' id='word_1_162' title='bbox 841 3590 979 3646; x_wconf 87' lang='lat' dir='ltr'>matres</span> <span class='ocrx_word' id='word_1_163' title='bbox 1002 3576 1205 3675; x_wconf 85' lang='lat' dir='ltr'>sociaeque</span> <span class='ocrx_word' id='word_1_164' title='bbox 1228 3572 1370 3647; x_wconf 88' lang='lat' dir='ltr'>riarum</span> 
     </span>
     <span class='ocr_line' id='line_1_26' title="bbox 333 3691 1423 3795; baseline -0.002 -29"><span class='ocrx_word' id='word_1_165' title='bbox 333 3692 532 3784; x_wconf 90' lang='lat' dir='ltr'>Debbora,</span> <span class='ocrx_word' id='word_1_166' title='bbox 559 3692 730 3765; x_wconf 86' lang='lat' dir='ltr'>Susanna</span> <span class='ocrx_word' id='word_1_167' title='bbox 754 3691 866 3795; x_wconf 85' lang='lat' dir='ltr'>atque</span> <span class='ocrx_word' id='word_1_168' title='bbox 891 3695 1015 3793; x_wconf 63' lang='lat' dir='ltr'>Agant</span> <span class='ocrx_word' id='word_1_169' title='bbox 1039 3694 1127 3769; x_wconf 90' lang='lat' dir='ltr'>inde</span> <span class='ocrx_word' id='word_1_170' title='bbox 1153 3691 1284 3768; x_wconf 90' lang='lat' dir='ltr'>ordine</span> <span class='ocrx_word' id='word_1_171' title='bbox 1309 3691 1423 3791; x_wconf 84' lang='lat' dir='ltr'>lengo</span> 
     </span>
     <span class='ocr_line' id='line_1_27' title="bbox 334 3808 1335 3916; baseline 0 -29"><span class='ocrx_word' id='word_1_172' title='bbox 334 3817 546 3915; x_wconf 87' lang='lat' dir='ltr'>Purpureae</span> <span class='ocrx_word' id='word_1_173' title='bbox 573 3808 807 3913; x_wconf 83' lang='lat' dir='ltr'>chlamydes,</span> <span class='ocrx_word' id='word_1_174' title='bbox 832 3815 983 3906; x_wconf 75' lang='lat' dir='ltr'>vexilla,</span> <span class='ocrx_word' id='word_1_175' title='bbox 1010 3834 1186 3916; x_wconf 90' lang='lat' dir='ltr'>argentea</span> <span class='ocrx_word' id='word_1_176' title='bbox 1210 3833 1335 3906; x_wconf 90' lang='lat' dir='ltr'>senta,</span> 
     </span>
    </p>

    <p class='ocr_par' dir='ltr' id='par_1_13' title="bbox 334 3934 1534 4280">
     <span class='ocr_line' id='line_1_28' title="bbox 334 3934 1534 4038; baseline 0.006 -30"><span class='ocrx_word' id='word_1_177' title='bbox 334 3936 488 4008; x_wconf 86' lang='lat' dir='ltr'>Militiae</span> <span class='ocrx_word' id='word_1_178' title='bbox 513 3935 702 4021; x_wconf 86' lang='lat' dir='ltr'>aetheriae</span> <span class='ocrx_word' id='word_1_179' title='bbox 727 3934 893 4038; x_wconf 83' lang='lat' dir='ltr'>speeies,</span> <span class='ocrx_word' id='word_1_180' title='bbox 917 3936 1064 4007; x_wconf 87' lang='lat' dir='ltr'>hastata</span> <span class='ocrx_word' id='word_1_181' title='bbox 1087 3938 1267 4035; x_wconf 74' lang='lat' dir='ltr'>juventus.</span> <span class='ocrx_word' id='word_1_182' title='bbox 1464 3946 1534 4015; x_wconf 79' lang='lat'>⁵55</span> 
     </span>
     <span class='ocr_line' id='line_1_29' title="bbox 336 4052 1342 4157; baseline 0.001 -31"><span class='ocrx_word' id='word_1_183' title='bbox 336 4057 427 4156; x_wconf 84' lang='lat' dir='ltr'>Quis</span> <span class='ocrx_word' id='word_1_184' title='bbox 452 4082 628 4157; x_wconf 86' lang='lat' dir='ltr'>pompam</span> <span class='ocrx_word' id='word_1_185' title='bbox 653 4052 751 4129; x_wconf 89' lang='lat' dir='ltr'>illius</span> <span class='ocrx_word' id='word_1_186' title='bbox 776 4057 896 4131; x_wconf 87' lang='lat' dir='ltr'>noetis</span> <span class='ocrx_word' id='word_1_187' title='bbox 922 4056 1121 4155; x_wconf 81' lang='lat' dir='ltr'>lucemque</span> <span class='ocrx_word' id='word_1_188' title='bbox 1145 4053 1342 4129; x_wconf 80' lang='lat' dir='ltr'>renarret‘?</span> 
     </span>
     <span class='ocr_line' id='line_1_30' title="bbox 334 4177 1312 4280; baseline -0.001 -30"><span class='ocrx_word' id='word_1_189' title='bbox 334 4180 536 4250; x_wconf 87' lang='lat' dir='ltr'>Insonuere</span> <span class='ocrx_word' id='word_1_190' title='bbox 561 4194 716 4280; x_wconf 90' lang='lat' dir='ltr'>repente</span> <span class='ocrx_word' id='word_1_191' title='bbox 742 4177 874 4270; x_wconf 85' lang='lat' dir='ltr'>tubae,</span> <span class='ocrx_word' id='word_1_192' title='bbox 900 4204 976 4280; x_wconf 86' lang='lat' dir='ltr'>quo</span> <span class='ocrx_word' id='word_1_193' title='bbox 1001 4204 1184 4251; x_wconf 87' lang='lat' dir='ltr'>murmure</span> <span class='ocrx_word' id='word_1_194' title='bbox 1209 4178 1312 4278; x_wconf 89' lang='lat' dir='ltr'>ripae</span> 
     </span>
    </p>
   </div>
   <div class='ocr_carea' id='block_1_3' title="bbox 336 4369 1262 4809">
    <p class='ocr_par' dir='ltr' id='par_1_14' title="bbox 336 4369 1262 4809">
     <span class='ocr_line' id='line_1_31' title="bbox 336 4369 849 4438; baseline 0.008 -18"><span class='ocrx_word' id='word_1_195' title='bbox 336 4370 373 4420; x_wconf 83' lang='lat' dir='ltr'>V.</span> <span class='ocrx_word' id='word_1_196' title='bbox 391 4369 700 4421; x_wconf 68' lang='lat' dir='ltr'>tumentatitios.</span> <span class='ocrx_word' id='word_1_197' title='bbox 718 4370 768 4438; x_wconf 88' lang='lat'>111,</span> <span class='ocrx_word' id='word_1_198' title='bbox 787 4370 849 4425; x_wconf 77' lang='lat'>288.</span> 
     </span>
     <span class='ocr_line' id='line_1_32' title="bbox 336 4461 901 4527; baseline -0.002 -12"><span class='ocrx_word' id='word_1_199' title='bbox 336 4462 373 4514; x_wconf 85' lang='lat' dir='ltr'>V.</span> <span class='ocrx_word' id='word_1_200' title='bbox 391 4464 454 4515; x_wconf 80' lang='lat' dir='ltr'>tle.</span> <span class='ocrx_word' id='word_1_201' title='bbox 471 4462 545 4514; x_wconf 77' lang='lat' dir='ltr'>Edit.</span> <span class='ocrx_word' id='word_1_202' title='bbox 563 4461 662 4513; x_wconf 78' lang='lat' dir='ltr'>venet.</span> <span class='ocrx_word' id='word_1_203' title='bbox 680 4462 749 4527; x_wconf 74' lang='lat' dir='ltr'>legit</span> <span class='ocrx_word' id='word_1_204' title='bbox 766 4465 901 4515; x_wconf 77' lang='lat' dir='ltr'>studuit:</span> 
     </span>
     <span class='ocr_line' id='line_1_33' title="bbox 544 4548 1210 4618; baseline -0.003 -13"><span class='ocrx_word' id='word_1_205' title='bbox 544 4548 683 4617; x_wconf 71' lang='lat' dir='ltr'>Principio</span> <span class='ocrx_word' id='word_1_206' title='bbox 700 4556 826 4607; x_wconf 84' lang='lat' dir='ltr'>labarum</span> <span class='ocrx_word' id='word_1_207' title='bbox 844 4555 966 4609; x_wconf 85' lang='lat' dir='ltr'>eoeleste</span> <span class='ocrx_word' id='word_1_208' title='bbox 985 4554 1113 4618; x_wconf 72' lang='lat' dir='ltr'>apperuit</span> <span class='ocrx_word' id='word_1_209' title='bbox 1130 4556 1210 4604; x_wconf 80' lang='lat' dir='ltr'>nasta</span> 
     </span>
     <span class='ocr_line' id='line_1_34' title="bbox 545 4640 1262 4715; baseline -0.004 -19"><span class='ocrx_word' id='word_1_210' title='bbox 545 4646 670 4697; x_wconf 73' lang='lat' dir='ltr'>nemum</span> <span class='ocrx_word' id='word_1_211' title='bbox 685 4647 809 4715; x_wconf 82' lang='lat' dir='ltr'>ingenti,</span> <span class='ocrx_word' id='word_1_212' title='bbox 827 4660 909 4713; x_wconf 83' lang='lat' dir='ltr'>quam</span> <span class='ocrx_word' id='word_1_213' title='bbox 928 4647 1054 4710; x_wconf 81' lang='lat' dir='ltr'>princeps</span> <span class='ocrx_word' id='word_1_214' title='bbox 1071 4640 1262 4697; x_wconf 78' lang='lat' dir='ltr'>sustinet&#39;ales</span> 
     </span>
     <span class='ocr_line' id='line_1_35' title="bbox 337 4733 790 4809; baseline 0.004 -22"><span class='ocrx_word' id='word_1_215' title='bbox 337 4733 373 4787; x_wconf 81' lang='lat' dir='ltr'>V.</span> <span class='ocrx_word' id='word_1_216' title='bbox 392 4738 453 4789; x_wconf 81' lang='lat' dir='ltr'>att.</span> <span class='ocrx_word' id='word_1_217' title='bbox 473 4735 644 4790; x_wconf 79' lang='lat' dir='ltr'>Herodes.</span> <span class='ocrx_word' id='word_1_218' title='bbox 661 4738 709 4809; x_wconf 89' lang='lat'>111,</span> <span class='ocrx_word' id='word_1_219' title='bbox 728 4741 790 4797; x_wconf 79' lang='grc'><strong>409.</strong></span> 
     </span>
    </p>
   </div>
   <div class='ocr_carea' id='block_1_4' title="bbox 0 0 1835 5667">
    <p class='ocr_par' dir='ltr' id='par_1_15' title="bbox 0 0 1835 5667">
     <span class='ocr_line' id='line_1_36' title="bbox 0 0 1835 5667; baseline 0 0"><span class='ocrx_word' id='word_1_220' title='bbox 0 0 1835 5667; x_wconf 95' lang='lat' dir='ltr'> </span> 
     </span>
    </p>
   </div>
  </div>
 </body>
</html>
