3634 5667
481 516 486 549 l

332 555 378 625 55
752 537 992 609 utana
1039 539 1100 610 ut

329 738 414 810 Heu
437 731 632 835 probrum!
658 731 731 804 beu
756 755 841 804 sero
866 731 1072 831 quaesitum
1096 751 1206 834 turpe
1229 737 1352 809 timori
1452 751 1522 828 A15

329 853 574 928 Praesidium!
599 854 646 923 Et
672 849 867 949 quisquam
891 869 1076 924 tantarum
1101 855 1254 928 credero
1278 878 1403 931 rerum

298 948 301 962 ⁵
329 974 483 1072 Perjuro
509 973 663 1071 generi,
687 971 801 1045 infido
825 971 1010 1070 totiesque
1035 972 1167 1048 rebelli

330 1098 438 1170 Nunc
465 1115 645 1167 summam
670 1091 785 1167 velit?
809 1092 911 1163 Haec
936 1091 1000 1163 illi.
1051 1096 1174 1167 Tanto
1199 1095 1320 1194 acrius
1346 1097 1403 1171 ira

329 1218 496 1299 Aestuat.
545 1216 641 1285 Hinc
668 1230 778 1311 atque
804 1213 890 1284 hinc
912 1236 1039 1303 mens,
1066 1201 1103 1286 et
1126 1218 1310 1289 sententia
1335 1235 1524 1310 constans,

332 1336 540 1434 Obnixique
566 1333 678 1444 animi
703 1331 832 1406 studiis
859 1330 1104 1438 discordibus.
1154 1339 1201 1407 Et
1227 1337 1304 1434 jam
1453 1349 1524 1425 420

329 1455 524 1545 indomiti,
552 1452 761 1544 infraenes,
787 1477 858 1525 nec
880 1451 985 1552 passi
1008 1454 1187 1528 excedere
1214 1457 1358 1549 castris,
1410 1547 1414 1556 ῃ

329 1577 412 1649 Nec
436 1576 599 1648 tolerare
623 1599 768 1664 moras,
793 1573 833 1643 in
856 1590 982 1645 mutua
1004 1572 1082 1645 fata
1106 1576 1276 1668 ruebant,
1342 1601 1348 1614 ·
1410 1599 1414 1610 ·

239 1761 263 1773 ,
332 1699 549 1769 Tartaream
575 1695 742 1794 aggressi
764 1694 868 1765 litem
894 1692 1096 1765 decernere
1123 1720 1267 1797 campo.
1304 1697 1308 1704 ’

330 1820 432 1889 Ecce
458 1834 579 1888 autem
604 1813 846 1914 (horrendum
869 1813 969 1902 uisu,
995 1829 1033 1884 ct
1056 1813 1226 1886 mirabile
1252 1833 1455 1890 monstrum
1466 1818 1494 1916 l)

269 1946 279 2015 ,’
330 1940 444 2027 Ecce,
466 1936 632 2036 inquam,
658 1933 818 2009 obscuro
841 1932 883 2007 in
905 1931 1033 2004 nimbo
1050 1934 1182 2034 procul
1195 1938 1344 2010 aethere
1360 1938 1428 2013 visi
1454 1947 1524 2026 425

332 2034 492 2130 Veliferi
516 2058 685 2155 ingentes
710 2053 829 2154 gauli,
856 2071 1077 2150 centumque
1103 2055 1272 2128 triremes

331 2177 488 2267 Aerias,
512 2178 800 2274 innumeraeque
825 2191 944 2264 rates,
974 2173 1192 2274 cimbaeque
1216 2177 1392 2267 minores,

331 2296 514 2369 Informes
541 2315 682 2386 eattae,
706 2296 855 2385 lintres,
880 2293 1053 2394 piceique
1079 2295 1223 2393 phaseli
1231 2323 1244 2392 5
1324 2323 1327 2332 ’

334 2416 472 2501 Classis
498 2416 546 2490 ab
571 2417 661 2491 Eois
688 2441 783 2515 quae
809 2411 1055 2516 formidabilis
1081 2413 1182 2488 Indis
1412 2511 1414 2518 Ι

334 2536 512 2611 Solverat.
539 2539 620 2611 Huc
637 2538 763 2627 Sinae,
791 2551 828 2608 et
846 2536 993 2622 Bactra,
1021 2532 1294 2606 etMalabarica
1313 2561 1430 2637 regua
1455 2551 1525 2623 430

333 2656 616 2730 Transtulerant
639 2660 753 2731 rictus
777 2655 920 2742 varios,
947 2669 985 2724 et
1012 2673 1161 2753 spectra
1184 2658 1347 2729 Deorum
1381 2681 1386 2692 ·

332 2781 540 2853 Innumera.
590 2776 658 2850 Illa
682 2778 774 2852 rotis
800 2800 842 2848 se
868 2773 1025 2845 circinat
1045 2784 1130 2848 a'ere
1156 2779 1311 2876 magnis,

332 2898 513 2969 Paulatim
539 2895 588 2969 ad
611 2915 730 2969 terras
757 2894 866 2996 spiris
888 2891 1099 2991 ingentibus
1125 2914 1219 2975 acta.

333 3017 430 3090 Vela
455 3015 518 3086 alii
544 3016 713 3086 antennis
738 3014 918 3112 religant,
946 3015 1137 3086 carchesia
1163 3039 1304 3087 summa

332 3137 552 3212 Ascendunt
576 3134 658 3210 aliis
685 3133 813 3232 fragor
826 3133 990 3232 undique
1008 3133 1196 3222 nauticus,
1219 3115 1334 3233 latque
1358 3135 1430 3208 bac
1456 3146 1526 3225 435

331 3265 455 3358 Atque
481 3256 569 3329 illac
593 3279 664 3354 per
686 3270 850 3326 transtra
873 3253 972 3326 ultro
999 3255 1166 3352 citroque
1193 3255 1381 3327 celeustae

339 3379 451 3466 Nuda
475 3378 515 3448 in
540 3392 646 3473 terga
671 3391 806 3449 sonant
831 3374 992 3447 scuticis.
1042 3377 1085 3444 ln
1109 3359 1295 3474 puppibus
1322 3376 1405 3450 altis

336 3693 372 3746 v.
391 3696 443 3750 tta
462 3692 567 3744 ³416.
585 3691 640 3742 Pro
657 3690 700 3742 nu
716 3702 805 3741 veras.
824 3692 897 3743 Edit.
915 3691 1014 3744 venet.
1031 3693 1117 3761 legit:

477 3785 549 3834 Proh
560 3780 669 3834 scelus!
687 3781 723 3832 nt
735 3784 875 3846 quisquam
885 3788 1023 3835 tantarum
1032 3775 1154 3838 'credere
1171 3799 1263 3840 rerunt

338 3875 374 3926 V.
394 3877 455 3927 428.
475 3873 607 3926 Cattae
624 3875 737 3926 navium
754 3886 849 3939 geum.
886 3876 958 3926 Geli.
977 3879 1021 3944 1⁰,
1041 3879 1084 3928 25.

336 3969 372 4017 v.
391 3970 452 4018 430.
472 3967 584 4016 sinae
602 3967 696 4026 (hodie
714 3964 914 4033 cochluchina,
933 3970 960 4016 h.
978 3969 998 4018 l.
1016 3981 1066 4032 pro
1083 3969 1182 4020 incolis
1201 3967 1320 4034 cunae,
1349 3968 1395 4040 qui
1414 3963 1530 4024 chineu-

548 4069 595 4108 sss
610 4057 672 4106 sivo
690 4056 820 4107 linenses
837 4061 981 4108 vocantur.

477 4151 610 4200 Bactra
627 4140 725 4207 (ank)
742 4159 792 4209 pro
809 4149 922 4213 regione
940 4149 1087 4202 Bactriana
1104 4150 1320 4216 [Afghautstaut.

478 4240 705 4292 Malabartca
726 4253 843 4306 regna
862 4230 1007 4300 ‘mutabor
1034 4243 1188 4294 orulndlae
1215 4244 1288 4294 intra
1309 4243 1442 4307 Gangem,
1462 4251 1531 4303 quse

549 4337 594 4382 est
611 4334 781 4386 occidentem
796 4334 909 4391 versus)
927 4345 978 4396 pro
995 4333 1079 4383 ludia.

339 4435 375 4484 v.
393 4436 455 4486 ιιι.
472 4435 599 4484 nictus
616 4435 642 4485 u.
660 4434 680 4484 1.
699 4439 774 4485 cene
790 4436 888 4486 imae
906 4415 1134 4504 (μορμολύκεια)
1152 4437 1214 4487 uve
1233 4433 1391 4500 genuum.
1410 4433 1460 4501 1u,
1470 4433 1531 4504 nn

341 4534 375 4586 V.
395 4536 456 4587 436.
477 4532 669 4588 Celeustes
696 4519 876 4606 (κελευπὴς)
912 4541 1035 4589 hortator
1064 4541 1212 4605 remigum,
1254 4536 1427 4599 portisculus.
1460 4534 1531 4588 Xon.

483 4626 661 4696 0ec.81„8.
