3634 5667
710 580 966 654 'LIBER
1014 581 1073 654 ut

322 776 518 851 Perculsae
544 795 710 855 mentest
731 777 890 851 comites
918 799 1002 851 sese
1028 776 1330 870 addere-furtim,

325 900 456 997 Atque.
476 894 593 974 oculis
617 892 765 972 serrare
790 900 891 998 jurat
914 898 1068 999 vestigia
1091 899 1236 999 longer

327 1021 410 1120 Quo
435 1008 613 1114 tendant,
639 1044 715 1118 quo
741 1012 783 1091 se
807 1018 965 1091 demum
980 1026 1085 1092 tanta
1110 1020 1416 1105 ominnvertans.

425 1144 525 1239 Ergo
547 1144 641 1240 age,
669 1140 734 1240 qui
757 1139 898 1213 reditus
919 1140 1054 1230 fuerit,
1082 1140 1186 1239 queis
1211 1164 1391 1241 versaque
1419 1142 1525 1219 miris

326 1258 464 1333 Ultima
488 1286 603 1334 scena
626 1260 765 1352 modis,
780 1258 904 1362 -utque
932 1261 1006 1334 alta
1032 1284 1170 1334 arcana
1194 1277 1337 1362 retecta
1426 1284 1428 1291 ·
1452 1272 1525 1353 460

327 1382 591 1481 Ostensusque·
608 1378 728 1477 Puer,
753 1381 835 1454 linis
861 1367 1095 1483 pretiumque
1123 1379 1308 1458 laborum.

372 1506 376 1512 “
425 1504 507 1574 Nox
533 1518 696 1597 erat,·et
719 1498 846 1574 lunam¹
869 1502 989 1577 nubes
1015 1502 1218 1576 incluserat
1244 1519 1323 1575 atra
1331 1553 1344 1598 ,

324 1622 496 1695 Necdum
517 1611 752 1695 Parthenidis
772 1617 903 1697 'custos
928 1626 1134 1722 Jesseaque
1157 1622 1286 1720 Virgo,

323 1744 577 1844 Debboraque
603 1761 716 1842 atque
741 1745 844 1842 Ager
867 1744 1028 1845 porfuga
1053 1750 1099 1815 et'
1116 1742 1288 1817 Susanna
1312 1742 1497 1829 redibant.

324 1866 551 1937 Nazaridum
577 1865 704 1965 vulgus
729 1867 805 1965 jam
830 1865 951 1937 tristia
975 1865 1119 1939 volvere
1146 1890 1274 1937 secum
1450 1876 1522 1956 465

197 2040 201 2051 .
326 1984 512 2086 Coeperat
536 1985 710 2084 auguria,
737 2004 849 2085 atque
873 1985 957 2058 illas
983 2010 1134 2084 quoque
1159 2010 1228 2087 per
1252 1983 1339 2059 loca
1361 2006 1466 2063 vaste

324 2108 542 2208 Dispersas3
566 2106 772 2207 pluviisque
799 2124 928 2179 auctos
953 2104 1033 2177 sine
1052 2106 1227 2207 pontibus
1257 2132 1385 2183 amnes

324 2226 588 2327 Abruptasque
613 2226 689 2299 vias
706 2226 818 2297 imbri
841 2243 1066 2325 noctemque
1092 2224 1297 2303 timebant‘
1400 2278 1403 2293 ι
1435 2280 1438 2287 ·

327 2346 540 2446 Augerique
565 2346 683 2445 magis
708 2370 799 2417 cura
823 2344 1101 2421 intendentibus
1127 2349 1217 2422 atris

327 2465 378 2539 Se
402 2468 510 2541 coelo
535 2468 699 2541 tenebris
709 2496 721 2563 3
753 2466 961 2565 moestique
987 2484 1090 2540 extra
1115 2469 1255 2570 oppida
1279 2492 1406 2572 opaco'
1451 2480 1525 2560 470

327 2586 406 2659 Sub
432 2586 495 2661 dio
521 2589 702 2689 aucipites
728 2587 888 2660 stabant.
939 2586 1014 2659 Ubi
1037 2588 1199 2690 plurima
1221 2618 1309 2665 vero

326 2707 434 2780 Irrita
457 2719 537 2780 nox'
553 2710 675 2804 lluxit,
702 2735 773 2781 nec
797 2710 874 2808 jam
897 2730 985 2808 spes
1008 2707 1085 2781 ulla
1110 2709 1271 2803 videndi,

324 2830 374 2899 Et
397 2828 472 2901 late
498 2830 584 2904 loca
609 2846 744 2903 cuncta
768 2828 903 2904 silente
925 2828 1007 2926 quis
1033 2830 1153 2903 tristia
1177 2830 1293 2905 fando

323 2951 505 3022 Lamenta
531 2968 568 3023 et
593 2951 767 3050 gemitus,
792 2948 1099 3048 desperantumve
1127 2952 1299 3051 querelas

324 3069 522 3171 Explicet?
546 3073 617 3144 Hic
642 3073 768 3160 Jesse,
794 3069 856 3140 hic
880 3071 1060 3162 Ammon,
1086 3071 1152 3145 hic.
1173 3072 1275 3148 crine
1301 3068 1421 3159 soluto
1448 3079 1521 3161 475

323 3192 422 3264 Dina
447 3218 598 3291 gemens
624 3209 661 3264 et
685 3191 841 3293 pulchra
865 3192 1002 3265 Esther
1026 3192 1255 3292 innuptaque
1280 3193 1463 3285 Zarnbris,

324 3314 372 3383 Et
396 3315 522 3384 senior
538 3315 653 3388 Jonas
676 3314 964 3411 Jericbunteque
989 3312 1166 3412 Elisaque
1190 3314 1356 3413 plorans.

325 3436 464 3507 Luctus
489 3450 589 3523 erat,
614 3433 734 3535 qualis
760 3450 862 3507 tecto
887 3458 972 3505 cum
996 3451 1115 3505 mater
1140 3451 1178 3506 et
1202 3434 1297 3507 orba

326 3553 475 3653 Sponsa
497 3578 630 3625 recens
653 3552 763 3625 funus
787 3553 958 3653 plorant,
987 3554 1189 3655 sponsique
1215 3554 1373 3629 cadaver
1466 3652 1469 3659 Δ

323 3673 489 3747 Aedibus
507 3670 669 3745 effertur.
718 3675 805 3745 Non
822 3674 856 3747 si
879 3673 981 3747 ferus
1007 3673 1123 3747 irruat
1147 3674 1264 3759 hostis
1448 3681 1520 3759 480

324 3796 520 3886 Vastator,
545 3810 670 3867 tantus
697 3816 737 3866 se
762 3791 870 3866 tollat
894 3794 1036 3867 clamor
1062 3795 1111 3867 ad
1137 3821 1260 3872 aures·

420 3920 521 3988 Ecce
545 3933 668 3988 autem
692 3914 761 3988 hos
786 3914 883 3986 inter
908 3934 1060 4016 questus
1086 3917 1149 3989 fax
1171 3917 1249 4005 visa
1266 3940 1335 4015 per
1351 3912 1520 3986 umbram

324 4034 535 4108 Adventare
559 4034 710 4138 procul,
736 4062 847 4135 quam
872 4038 988 4111 multo
1014 4038 1151 4109 lumine
1178 4036 1299 4109 clarus

323 4156 486 4229 Pellicea
510 4159 671 4230 hirsutus
694 4182 789 4229 zona
811 4183 905 4257 puer
930 4160 1016 4259 igne
1042 4158 1189 4233 ferebat

323 4276 591 4351 Flammantem
615 4277 740 4376 largos
765 4275 958 4379 faciesque
983 4278 1199 4378 humerique
1225 4278 1394 4370 nitebant
1446 4284 1515 4361 [585

321 4398 473 4472 Eminus
499 4416 610 4499 atque
636 4399 737 4471 sinus
761 4416 872 4501 atque
898 4425 977 4479 ora.
1028 4399 1080 4471 Ut
1103 4401 1339 4500 Phosphorus
1366 4422 1432 4471 axe

320 4670 355 4722 V.
373 4676 435 4727 486.
452 4676 685 4738 Phosphorus.
701 4674 749 4742 vl,
766 4674 829 4729 2⁰40
