3634 5667
312 574 392 647 tao
719 557 751 625 L
773 555 791 626 l
813 553 844 624 B
868 555 900 625 E
925 556 960 625 R
1010 552 1089 627 VII.

314 756 459 848 Adfuit,
485 731 668 852 extemplo
694 774 833 839 eoram,
858 773 940 823 neo.
955 750 1133 825 Debbora
1158 750 1276 825 fando

315 878 520 979 Explorare
544 898 636 949 ausa
659 872 824 963 ulterius,
847 898 920 946 nee
946 872 1134 973 sanguinis
1159 872 1258 946 ultra

316 999 462 1073 nlicere
487 996 528 1068 iu
550 996 669 1070 mltus
693 993 899 1066 flammam:
926 1019 1034 1068 sacer
1058 980 1197 1093 ingruit
1217 994 1365 1087 horror,

188 1104 202 1115 ’
315 1118 589 1220 Suspeuaiaque
613 1115 745 1189 animis
768 1140 852 1187 sera
873 1113 950 1214 jam
974 1132 1085 1189 noete
1110 1116 1278 1189 recessit.
1442 1129 1518 1203 120

412 1242 515 1319 'I'alis
539 1236 763 1314 Nauaridum
789 1261 878 1309 eura
902 1235 1034 1335 ingens
1059 1252 1215 1335 pectora
1242 1237 1389 1336 agebat,

313 1359 547 1467 Ignoscenda
569 1378 709 1438 tamen.
760 1356 851 1458 Quis
876 1356 976 1428 enim
1001 1372 1057 1429 tot
1081 1356 1176 1428 mira
1200 1357 1341 1432 tuendo

312 1485 452 1563 Abdita
476 1482 624 1557 mortali
653 1480 780 1582 specie
804 1503 882 1551 non
907 1475 1056 1551 sedulus
1083 1504 1212 1551 omues

313 1607 456 1685 Rimari
481 1603 630 1678 arderet
652 1596 846 1674 latebras?
871 1624 949 1671 non
975 1616 1110 1671 cuncta
1135 1600 1287 1672 susurro

312 1731 490 1804 Misceret
514 1743 616 1799 tecta
639 1718 840 1823 ambiguo?
864 1720 963 1793 Nam
990 1745 1150 1821 corpore
1176 1719 1216 1791 in
1240 1716 1305 1792 illo
1434 1728 1521 1805 125·

311 1852 453 1952 Exiguo
478 1848 691 1946 tenerisque
717 1843 823 1916 annis
850 1840 933 1941 quis
960 1840 1132 1913 crederet
1155 1865 1321 1939 unquam

312 1976 406 2048 Esse
431 1967 578 2043 Deum?
602 1968 700 2041 Hine
725 1982 867 2064 stupor,
893 1977 931 2033 et
944 1959 1043 2034 uelut
1058 1985 1192 2060 aegrae
1208 1959 1354 2035 somnia
1366 1960 1515 2053 mentis,

194 2142 197 2147 -
312 2095 410 2169 Hine
436 2090 548 2166 animi
569 2087 720 2190 implexi
747 2084 968 2181 diversaque
992 2107 1180 2153 murmura
1203 2080 1313 2179 vulgi.

359 2239 361 2254 ¹
410 2217 511 2287 Ecce
539 2228 663 2284 autem
685 2206 827 2280 Phariis
851 2227 1000 2275 rursum
1023 2218 1210 2279 mereator
1236 2200 1285 2273 ab
1310 2201 1387 2275 oria

311 2335 380 2410 Ille
401 2333 523 2408 bonus
544 2333 660 2407 Jonas
685 2326 828 2419 aderat,
852 2346 1073 2422 mercesque
1100 2319 1243 2421 Canopi
1442 2336 1515 2403 150

312 2459 496 2556 Donaque
522 2450 678 2527 coelesti
703 2452 822 2521 Puero
846 2443 1034 2543 Matrique
1059 2442 1221 2520 ferebat.

311 2582 424 2679 Isque
447 2576 573 2679 palam
596 2569 719 2674 patrio
746 2569 785 2639 in
810 2585 921 2640 coetu
945 2563 1116 2637 miranda
1138 2558 1275 2665 Puelli¹

311 2701 434 2777 Altius
458 2696 613 2771 inseruit
638 2706 812 2792 suspecta
836 2686 1047 2785 aenigmata
1071 2684 1185 2783 genti,

313 2821 587 2921 Terroremque
610 2813 695 2889 tulit
716 2808 865 2910 trepido
890 2807 946 2880 aio
970 2830 1036 2879 ore
1061 2803 1229 2877 locutus:

312 2944 473 3020 Nazarei
501 2943 612 3031 cirea,
639 2960 755 3037 genus
781 2930 857 3004 alto
883 2952 907 3000 a
933 2926 1112 3025 sanguiue
1136 2922 1268 3014 Judae,
1442 2936 1513 3003 135

312 3067 447 3155 Dicite,
473 3062 555 3163 quis
580 3075 741 3134 vestrum
767 3071 992 3125 concurrere
1018 3046 1185 3118 cominus
1212 3065 1322 3115 ausus

251 3186 279 3207 ²
314 3188 407 3263 Cum
432 3178 576 3284 Styge?
603 3201 700 3279 quae
722 3172 825 3247 vohis
850 3166 1024 3241 bellatrix
1049 3161 1242 3237 foemina?
1269 3161 1396 3261 quisve

312 3308 380 3383 Ille
404 3311 511 3396 Puer,
538 3300 597 3375 oui
619 3312 763 3374 tantum
788 3287 884 3362 odiis
909 3284 1077 3358 infensus
1102 3281 1302 3359 Avernus?

314 3432 485 3526 Namque
513 3423 570 3523 (ut
593 3420 794 3517 longaevus
818 3407 945 3482 retulit
968 3406 1137 3479 Pellaeus
1164 3404 1339 3506 aruspex)

313 3555 369 3627 Ex
394 3545 514 3648 adytis
538 3538 669 3641 templi
691 3551 779 3638 post
802 3532 916 3631 longa
941 3526 1089 3601 silentia
1113 3524 1266 3601 tandem
1440 3532 1514 3611 110

311 3682 733 3711 -,......-...-..--

315 3783 353 3836 V.
371 3782 433 3835 129.
451 3774 613 3830 Phariis.
632 3770 692 3824 cfr.
710 3770 733 3837 1,
752 3771 779 3821 1.

314 3874 353 3928 V.
371 3876 432 3928 18⁰.
450 3872 666 3930 Marcusque
685 3861 832 3924 canopi.
851 3858 910 3911 cfr.
929 3856 952 3925 1,
971 3856 1007 3908 68
1024 3866 1085 3918 sqq.

314 3966 350 4020 v.
370 3967 431 4019 135.
448 3964 467 4013 J
475 3962 541 4011 uda
559 3954 670 4021 (ludas)
688 3958 803 4028 quartus
819 3952 937 4003 altorum
953 3946 1052 3999 Jaooti
1074 3942 1250 4009 patriarcnae
1268 3944 1297 3993 ot
1313 3939 1383 3991 hiae
1401 3935 1515 4003 aaut).

456 4056 524 4107 Gen.
543 4056 588 4119 29,
608 4054 651 4104 85.

314 4151 351 4204 v.
371 4149 432 4201 aar.
452 4148 551 4210 ειμι.
569 4146 618 4211 ιιι,
637 4144 698 4196 112.

314 4243 351 4295 V.
370 4242 432 4294 118.
451 4236 690 4303 Avernorum,
709 4236 754 4286 60.

316 4326 620 4388 V.189.Pe'llaeua
649 4334 809 4387 aruspex
832 4318 852 4369 1.
871 4330 897 4368 o.
916 4316 1028 4367 Jonas
1046 4310 1211 4364 camelarias
1229 4306 1302 4373 (vlt,
1321 4306 1370 4365 81)
1395 4316 1432 4353 ex
1458 4302 1515 4349 Ae·

456 4426 543 4489 gypto
567 4418 690 4471 veniens.
735 4412 918 4465 Pellaeus
945 4410 1017 4458 anim
1043 4402 1079 4456 ad
1105 4401 1299 4455 Alexandriam
1330 4394 1451 4462 Aegypti
1479 4392 1514 4442 ab

457 4506 614 4566 Alexandro
638 4509 677 4560 Μ.
701 4504 880 4558 Macedonico
908 4501 970 4552 alvo
994 4499 1106 4549 Pellaeo
1129 4499 1161 4554 (a
1179 4494 1256 4545 Pella
1274 4491 1364 4553 eapite
1383 4486 1515 4537 Macedo-

456 4606 535 4664 niae)
563 4603 718 4667 conditam,
745 4602 774 4650 ot
800 4598 836 4647 ad
858 4595 947 4657 ipsam
965 4602 1072 4655 quoquo
1097 4590 1255 4652 Aegyptum
1276 4594 1361 4645 saepo
1384 4579 1515 4631 refertur.

458 4699 560 4749 Lucan.
580 4700 607 4764 t,
623 4696 668 4746 60.
