3634 5667
310 476 402 615 ⁶150
672 614 675 619 ,
758 523 998 594 maun
1047 522 1144 595 vui.

333 723 511 801 Gomebat
534 721 644 793 Pueri
661 712 806 810 olims,
830 703 940 790 simul
965 716 1094 791 oscula
1118 718 1234 793 fronti

329 847 426 921 Gara
439 841 574 931 dabat,
598 838 838 937 lacrimisque
864 837 994 911 oeulos
1019 837 1199 940 implebat
1223 837 1380 911 obortis..

329 969 413 1039 Heu
438 962 580 1063 quales,
603 957 826 1048 miseranda,
851 983 962 1057 paras
988 957 1056 1031 tibi
1081 960 1210 1031 nescia
1235 956 1360 1031 ssetus!
1451 971 1523 1041 295

331 1088 478 1186 Quanto
503 1082 595 1155 emis
619 1082 714 1153 haec
739 1080 879 1181 pretio!
906 1096 1084 1180 quantum
1109 1081 1177 1154 tibi
1201 1078 1341 1151 fulmen
1368 1077 1415 1151 eh
1443 1069 1522 1152 alto

303 1210 499 1306 <Desuper
524 1228 592 1275 axe
616 1203 732 1275 venit!
758 1201 938 1273 Lacrimis
964 1227 1050 1275 nam
1073 1200 1233 1300 denique
1258 1200 1375 1273 victus

328 1327 469 1401 Annuit
492 1322 676 1437 aetherius
701 1325 816 1393 Puer:
841 1339 880 1393 at
903 1348 973 1422 pro
1004 1346 1155 1395 munere
1179 1336 1283 1393 tanto

326 1450 409 1521 Heu
434 1445 576 1533 duram,
598 1443 672 1514 heu
683 1443 839 1533 tristem,
864 1468 1189 1543 quameunquarn,
1214 1442 1342 1540 Virgo,
1358 1454 1525 1540 putaras,

226 1652 229 1656 ¹
329 1565 479 1668 Adjeoit
503 1564 635 1663 legem,
660 1565 800 1665 patrias
824 1582 864 1637 ut
885 1565 1028 1638 seilicet
1053 1563 1165 1638 aedes
1452 1573 1524 1640 500

329 1693 530 1763 Desereret
554 1685 714 1785 fugiens,
739 1703 852 1786 atque
876 1686 1129 1759 innotesceret
1152 1683 1313 1776 absens,

330 1812 412 1910 Quo
439 1807 547 1885 simul
572 1822 611 1878 et
633 1824 742 1878 notus
767 1805 880 1897 foret,
906 1824 1130 1908 ereptusque
1155 1804 1298 1877 lateret.

327 1930 431 2021 Inde,
459 1930 525 2023 ait,
551 1927 726 2000 amissum
748 1927 920 2003 dabimus
946 1950 1175 2029 cognoscere
1201 1950 1353 2019 munus:

216 2048 223 2057 ’
325 2051 498 2149 Namque
523 2046 643 2121 aderit
666 2047 800 2122 missus
824 2076 978 2152 praeco,
1005 2049 1070 2149 qui
1091 2047 1241 2119 nunciet
1266 2045 1345 2121 istis

287 2193 289 2201 ⁴
328 2168 550 2244 consedisse
574 2169 695 2239 Deum
718 2171 840 2262 terris,
865 2172 935 2244 hos
960 2171 1107 2243 Numen
1133 2165 1282 2266 Olympi
1449 2176 1520 2246 50⁵

323 2289 526 2363 incoluisse
551 2287 672 2362 laresz
698 2293 829 2390 Tuque
855 2292 1006 2392 optima,
1032 2313 1147 2390 parce
1174 2284 1348 2385 querelis,

323 2418 442 2488 Parce
467 2415 606 2484 Parens
629 2410 805 2485 lacrimis.
858 2412 922 2485 Sic
948 2412 1023 2485 ille.
1074 2412 1124 2483 At
1148 2406 1276 2481 saucia
1301 2404 1430 2503 Virgo,

322 2535 448 2608 Prima
470 2532 581 2633 fugae
606 2548 646 2603 ut
665 2525 1042 2634 ‘sensitjpraenuncia
1068 2531 1245 2619 carmina,
1271 2525 1391 2602 vultus

324 2652 471 2729 Pallida
494 2651 650 2752 dejecit,
676 2652 874 2753 subitoque
900 2651 1087 2727 obmutuit
1112 2675 1197 2723 ore:
1248 2712 1250 2719 ,

204 2796 210 2804 ·
323 2778 406 2851 Nec
430 2799 560 2849 vocem
580 2772 710 2844 infelix
730 2773 880 2865 habuit,
903 2800 976 2847 nec
1001 2772 1136 2863 verba,
1162 2796 1234 2847 nec
1256 2770 1359 2871 ipsas
1447 2782 1518 2849 eto

324 2898 368 2967 In
392 2885 567 2995 'promptu
589 2893 774 2973 lacrimas.
823 2897 911 2967 Non
936 2896 1030 2967 haec
1056 2891 1240 2967 sententia
1262 2889 1412 2984 mentis,

323 3016 412 3089 Non
437 3016 531 3086 haee
556 3016 677 3086 Mater
702 3039 830 3088 amans
855 3040 1021 3114 unquam
1045 3013 1225 3086 moritura
1248 3028 1422 3112 rogarat,

323 3138 406 3210 Nee
430 3158 606 3208 revocare
630 3132 731 3224 licet,
756 3159 827 3206 nec
846 3133 907 3206 fas
925 3133 1110 3209 obsistere
1133 3150 1284 3207 contrat
1404 3168 1411 3179 =

324 3259 427 3329 Ausa
451 3279 522 3326 nee
544 3252 698 3328 ulterius
719 3278 903 3355 responsa
926 3253 1114 3327 lacessere
1139 3252 1243 3325 dura.

323 3380 407 3451 Hoc
430 3375 604 3449 miseram
627 3393 758 3474 gnatus
781 3374 910 3448 lethali
934 3374 1083 3448 vulnere
1108 3374 1261 3464 laesam,
1445 3383 1514 3469 515

324 3502 408 3574 Hoc
432 3497 526 3571 duro
550 3494 659 3569 fixam
680 3494 769 3587 telo,
797 3496 1076 3595 exanimemque
1100 3494 1261 3594 reliquit

326 3804 362 3854 V.
382 3803 443 3854 aaa.
461 3798 532 3851 Edit.
549 3799 649 3850 Venet.
667 3810 718 3861 pro
736 3809 819 3849 cara
835 3798 856 3849 1.
872 3798 962 3861 plura.

244 3928 247 3933 -
324 3896 360 3946 V.
379 3894 432 3947 tte
450 3897 479 3944 et
496 3888 646 3944 asendit.
663 3890 763 3940 Venet.
780 3886 935 3956 conjungit:
1287 3918 1298 3931 ,

256 3995 257 3998 ’
487 3985 595 4045 Quanto
613 3984 681 4035 emis
697 3986 766 4035 haec
782 3980 886 4053 pretio!
921 3982 1056 4035 Lacrimis
1072 3993 1137 4034 nam
1154 3982 1270 4046 denique
1286 3980 1378 4031 vietus

325 4079 362 4132 V.
381 4081 434 4132 000
452 4082 480 4130 et
498 4081 558 4129 000.
576 4076 648 4126 Edit.
666 4075 790 4130 Venetas

537 4167 647 4218 Addidit
661 4168 731 4215 iisne
748 4166 853 4230 legem,
872 4176 953 4227 quem
967 4177 1121 4232 nunquam,
1140 4164 1242 4229 Virgo,
1261 4168 1388 4230 putaras,

536 4260 628 4324 lianc,
646 4260 771 4324 inquam,
789 4260 880 4321 legem
898 4289 907 4303 .
925 4289 934 4303 .
954 4288 989 4303 ..

325 4356 362 4405 V.
381 4354 522 4409 scruter
540 4350 620 4400 etv.
641 4353 701 4401 000.
719 4350 793 4401 Edit.
810 4347 911 4398 venet.
929 4346 1091 4407 interponit:

534 4445 622 4505 Atque
640 4442 687 4491 ubi
702 4454 747 4491 me
763 4439 841 4506 regio
858 4439 954 4503 procul
972 4439 1034 4491 irinc
1051 4438 1163 4487 diversa
1179 4436 1297 4500 tenebit,

324 4535 361 4586 V.
381 4538 442 4588 000.
459 4533 533 4587 Edit.
549 4523 648 4583 Venet.
665 4545 715 4594 pro
732 4532 812 4582 inde
829 4532 848 4581 i.
866 4538 941 4581 tune.

325 4626 361 4676 V.
380 4630 441 4681 000.
459 4627 531 4677 Edit.
550 4623 649 4674 Venet.
668 4635 719 4686 pro
736 4622 927 4685 subitoque
944 4622 963 4671 i.
984 4632 1143 4683 pressoque.
