3634 5667
344 599 424 699 ἰιο
762 587 1005 685 aloen
1054 616 1117 686 vt.

350 815 479 902 Serta,
502 812 553 883 ait
579 810 767 883 aetherius
792 812 910 905 Puer,
937 804 1192 887 unicoloribus
1216 834 1361 885 unum·

349 923 534 1035 Quodque
557 932 677 1025 rosis5
703 931 886 1003 decimam
911 931 1036 1004 medin
1062 926 1182 1006 sed
1155 956 1347 1063 quamque
1370 934 1483 1009 nivali

245 1123 250 1129 .
349 1055 488 1129 Belle
466 1054 699 1159 interposito
726 1051 939 1150 distinguite
964 1049 1063 1142 lilio,
1089 1054 1299 1128 odoros

348 1175 469 1249 Inter
474 1175 648 1273 utrinque
675 1198 819 1245 crocos.
872 1172 936 1245 Sie
962 1165 1049 1269 ille,
1077 1192 1114 1247 et
1122 1147 1291 1274 sedulus
1313 1172 1415 1281 ultro
1494 1206 1497 1213 ⁴

348 1302 433 1398 lpse
459 1321 591 1368 manus
617 1294 724 1395 operi
749 1319 899 1393 quoque
922 1294 1097 1389 contulit3
1123 1266 1211 1367 inde
1236 1296 1452 1399 peragram
1477 1312 1550 1381 180

348 1417 510 1491 Laetitia
534 1415 677 1514 ingenti
700 1415 884 1512 Reginam
909 1414 1034 1488 adiere
1063 1414 1256 1519 sedentem
1316 1443 1320 1455 ·

349 1513 553 1613 litaminea
580 1536 617 1607 in
643 1536 745 1635 ripa:
772 1536 833 1607 oui
855 1532 1146 1610 formosissimus
1171 1538 1301 1613 Infans
1387 1564 1391 1573 ’

348 1659 523 1734 Mollibus
550 1658 725 1758 imposuit
749 1684 881 1729 nexum
910 1653 1082 1729 diadema
1109 1658 1266 1758 capillis.

274 1803 277 1807 ’
352 1782 443 1881 Quis
469 1779 538 1852 tihi
563 1805 694 1855 sensus
720 1795 818 1868 erat,
844 1774 989 1876 Virgo?
1019 1803 1131 1877 quam
1158 1782 1338 1854 concolor
1362 1779 1436 1881 ipsi

350 1902 565 2003 Sanguineo
593 1902 712 1974 serto!
740 1927 836 1997 quae
860 1925 1028 1998 purpura
1054 1926 1186 1999 sparsa
1210 1927 1278 2003 per
1304 1926 1434 1999 omnes
1478 1915 1547 1983 185

255 2039 268 2087 t
351 2026 429 2124 Ore'
456 2029 569 2123 genas
598 2023 697 2094 toto!
724 2022 800 2111 Ter
826 2045 970 2091 summo
997 2044 1019 2090 e
1044 2022 1183 2093 vertice
1209 2022 1342 2118 munus

258 2178 270 2212 e
348 2143 519 2219 Detraxit
542 2167 691 2217 roseum
715 2132 835 2213 Puero
861 2138 1081 2238 impositura
1087 2168 1100 2234 3
1126 2158 1185 2243 tgr
1208 2142 1272 2213 ille

297 2297 300 2314 ι
346 2264 522 2367 Restituit
550 2272 714 2350 rursum,
741 2260 799 2333 his
825 2259 955 2359 garriit
981 2258 1098 2333 almus
1125 2262 1174 2334 ad
1198 2288 1327 2334 aurem

345 2385 497 2476 Matris,
522 2386 580 2457 his
604 2383 745 2484 pariter
768 2383 883 2480 Virgo
904 2382 1100 2482 respondit
1124 2385 1315 2455 inaurem

347 2505 529 2579 Goelestis
555 2505 654 2579 Nati.
706 2500 877 2574 Tandem
901 2502 1159 2602 pulcherrima
1178 2506 1325 2576 Numen
1395 2540 1401 2550 ·
1476 2514 1546 2583 190

341 2625 529 2730 ¹Caeruleo
547 2623 694 2723 accepit
719 2624 882 2716 gremio,
907 2640 1039 2696 tenera
1063 2649 1204 2724 oraque
1229 2612 1310 2701 toto
1379 2618 1383 2631 ’

335 2748 423 2820 ‘Ore
448 2746 683 2848 superposito
710 2743 877 2831 strinxit,
903 2744 1095 2843 tenuitque
1121 2744 1273 2819 lacertis

346 2868 529 2969 Amplexa
537 2896 549 2962 3
577 2883 614 2940 et
638 2865 838 2938 lacrimans
866 2877 903 2934 et
928 2864 1127 2940 inhaerens
1147 2867 1237 2939 talia
1264 2866 1366 2963 dixit,
1464 2943 1468 2957 ,

347 2987 451 3087 Quae
476 3004 651 3087 poterunt
673 2988 815 3085 ipsum,
842 2982 976 3075 oredo,
1002 2988 1164 3060 retinere
1192 2986 1388 3061 cadentem

345 3111 388 3179 In
413 3133 516 3179 mare
542 3108 617 3206 jam
642 3106 772 3177 solem.
822 3105 893 3176 Hio
919 3104 1020 3177 lusus
1047 3110 1277 3206 gratissimus
1304 3112 1402 3182 inter
1474 3118 1544 3187 196

346 3226 448 3300 Mille
476 3228 569 3300 alius
594 3226 675 3297 fuit.
726 3226 824 3295 Hinc
850 3223 945 3296 adeo
971 3224 1041 3297 tihi
1066 3246 1172 3326 grata
1196 3254 1367 3302 rosarum
1412 3258 1443 3333 J

345 3325 503 3420 Munera
528 3346 734 3421 Partheniis
759 3343 958 3435 altaribus,
982 3346 1070 3421 hine
1095 3350 1165 3421 tihi
1189 3352 1332 3449 magnis
1401 3354 1403 3361 ’

347 3472 561 3542 intermixta
587 3470 697 3541 etiam
722 3466 836 3539 titulis
859 3492 958 3539 rosa.
1008 3462 1180 3567 Denique
1206 3488 1308 3543 serta

351 3590 781 3692 (Nazareassspostquam
803 3615 949 3661 rursum
973 3590 1152 3687 remeavit¹
1175 3591 1214 3689 in
1241 3589 1375 3692 aedes)

255 3748 265 3796 t
345 3710 481 3810 Elpino
510 3711 630 3807 dedit3
656 3711 718 3783 ille
745 3726 868 3781 autern
892 3736 960 3782 sua
986 3712 1154 3783 carmina
1178 3712 1312 3812 cuique
1473 3720 1543 3790 200

236 3827 495 3929 Adjeoit
518 3832 614 3912 flori.
654 3819 793 3905 Verum
816 3830 909 3920 mihi
934 3834 1044 3904 noxia
1067 3850 1215 3935 sem'per

243 3901 524 4051 &Vesperrs
550 3952 693 4028 umbra.
744 3955 845 4024 Inter
869 3948 1047 4025 medias
1034 3972 1177 4058 Jarn
1128 3972 1186 4026 ter
1205 3946 1308 4046 mihi,
1332 3952 1496 4043 Phoebe,

186 4004 268 4112 usi,

347 4181 384 4232 V.
404 4182 464 4233 tae.
483 4181 556 4230 Edit.
575 4179 646 4230 Ven.
664 4182 766 4234 mutet:

524 4271 578 4323 Ore
595 4268 695 4335 genas!
711 4273 837 4324 Manibus
851 4275 895 4323 ter
912 4284 1017 4326 summo
1038 4278 1176 4330 avertice
1192 4292 1289 4331 munus

344 4366 380 4415 V.
402 4365 461 4417 101.
479 4364 552 4414 Edit.
573 4362 696 4436 Venetm
1052 4368 1056 4379 '

465 4444 469 4456 '
523 4452 657 4504 Caeruleo
672 4456 780 4517 accepit
795 4461 910 4524 gremio,
928 4464 956 4511 et
968 4462 1070 4511 crinem
1083 4466 1113 4512 et
1125 4466 1221 4515 tenera
1237 4477 1295 4515 ora.

347 4550 383 4602 V.
402 4551 463 4599 200.
481 4545 553 4597 Edit
572 4544 671 4593 venet.
690 4548 820 4599 adnotat·
838 4551 1002 4602 Franciscus
1023 4554 1178 4605 Lentone
1202 4560 1300 4608 auctor
1319 4554 1430 4607 Bosarii

525 4635 641 4698 poeticis
660 4638 772 4689 floribus
787 4640 893 4691 intexti.
914 4642 971 4693 Gir.
983 4640 1027 4713 V,
1047 4648 1122 4709 171.
1206 4656 1210 4667 ·
1255 4638 1257 4647 ’

349 4732 383 4783 i.
404 4729 465 4783 tot.
483 4727 635 4779 Phoebe.
653 4726 733 4793 11,1.
840 4737 843 4745 ’
