3634 5667
339 512 389 588 12
618 608 622 629 ι
760 501 1131 574 IslBthlIl.v

339 697 508 796 lesseus)
532 721 662 772 caesos
686 699 828 801 pariter
852 697 933 778 sine
957 721 1062 770 more
1086 695 1231 798 puellos

338 817 461 909 Dicite
467 870 479 909 ,
504 843 645 920 vosque
668 845 782 920 aegre
806 819 974 922 elapsas,
996 816 1214 917 mediosque
1238 842 1307 918 per
1331 841 1442 890 enses

337 943 484 1042 Perque
506 966 640 1032 neces,
664 957 807 1015 vestros
828 941 998 1041 rapuisse
1023 965 1044 1014 e
1068 937 1199 1012 funere
1220 955 1365 1039 gnatos.
1487 953 1533 1024 95
1631 1029 1632 1034 ἵ

339 1060 405 1134 sio
428 1061 530 1136 fraus
556 1063 704 1163 egregie
728 1062 819 1136 mihi
842 1061 946 1136 nodo
969 1061 1135 1159 intexta}
1152 1086 1222 1133 nec
1247 1061 1368 1161 impar

339 1181 479 1284 (Spero
506 1182 697 1285 equidem)
721 1209 866 1257 merces
891 1183 997 1284 operi
1020 1180 1205 1284 promissa
1228 1198 1413 1280 sequetur.

338 1304 445 1377 Talia
472 1305 674 1405 jactantes,
701 1303 817 1378 densa
843 1305 1001 1404 ealigine
1027 1303 1124 1403 septi

336 1425 466 1515 Ibant,
494 1442 531 1497 et
553 1450 679 1499 muros
704 1425 792 1527 pagi
816 1443 1019 1529 portasque
1046 1422 1238 1513 subibant,
1435 1516 1437 1518 η

337 1547 460 1645 Atque
471 1545 606 1638 locum,
624 1547 842 1646 insidiisque
853 1547 1004 1620 mudum
1018 1563 1237 1645 tempusque
1250 1541 1446 1643 parabant.
1462 1555 1535 1621 100

383 1708 385 1720 1
433 1668 558 1766 Atque
584 1693 629 1740 ea
654 1669 741 1742 dum
763 1668 925 1740 lemures
950 1666 1133 1740 obscurae
1160 1664 1282 1738 noetis
1307 1661 1347 1734 in
1371 1662 1504 1735 umbra

339 1784 503 1860 Consilia
528 1805 566 1860 et
588 1788 739 1863 fraudes
766 1793 926 1890 agitant,
951 1791 1026 1890 jam
1051 1787 1225 1862 Persidos
1252 1784 1347 1859 arvis

340 1906 565 1982 Constiterat
588 1910 687 2010 legio
711 1912 805 1985 Ditis
812 1941 825 2006 3
850 1929 956 1984 tanto
981 1909 1045 1982 illa
1069 1889 1230 2011 paratu

338 2029 584 2105 Flammarum
609 2049 720 2132 atque
744 2033 860 2124 aeris,
894 2048 1034 2131 quanto
1060 2030 1093 2104 si
1117 2026 1283 2100 funditus
1309 2022 1412 2098 orbis

338 2151 552 2224 Vastandus
576 2169 719 2243 terrae,
744 2169 808 2225 aut
831 2152 1075 2253 repetendum
1099 2147 1292 2221 ultricibus
1318 2145 1430 2217 armis
1460 2159 1533 2226 105

341 2270 451 2344 Sidus
474 2274 749 2374 hyperboreum
773 2275 949 2349 soliumve
974 2271 1160 2371 Aquilone
1185 2265 1397 2343 locandum.

338 2395 425 2467 Non
447 2412 504 2468 tot
529 2396 578 2468 ad
601 2397 829 2497 Euphratem
852 2397 964 2470 rastis
988 2392 1150 2465 tentoria
1176 2389 1316 2488 eampis
1411 2441 1414 2450 .

338 2515 469 2591 Victor
493 2519 734 2591 Amurrathes
760 2517 950 2619 quondam
974 2511 1181 2612 Babylonia
1206 2511 1346 2584 eiroum

338 2637 489 2736 Moenia
511 2635 690 2712 distendit
696 2667 710 2733 3
735 2665 806 2716 nee
831 2656 888 2713 tot
911 2638 1128 2736 Mustaphus
1154 2634 1232 2707 eois

321 2757 490 2849 ‚Viribus
516 2759 662 2854 excitis,
688 2775 842 2859 totoque
869 2761 1022 2834 Oriente
1049 2773 1203 2845 ooaoto,
1464 2765 1538 2832 110

340 2879 573 2950 Austriaoam
596 2879 759 2980 implerit
783 2905 905 2979 nuper
929 2895 1072 2952 terrore
1097 2881 1302 2972 Viennam,

342 2999 441 3096 Quot
466 2997 614 3097 Stygias
638 3016 777 3072 turmas
802 2999 871 3070 suh
898 2999 1004 3097 signa
1028 3000 1261 3099 Beelphegor
1288 2994 1379 3072 Oroi

340 3121 478 3218 Egerat
503 3118 551 3189 ad
574 3121 675 3219 ripas
700 3117 876 3191 Chaldaei
900 3117 1081 3209 fluminis,
1105 3119 1226 3218 ipsam
1444 3111 1449 3123 ‘

341 3240 464 3338 Atque
490 3238 619 3310 urbem
643 3238 800 3310 flammis
826 3254 863 3310 et
887 3235 990 3310 furno
1017 3256 1129 3340 atque
1154 3238 1306 3312 aethere
1332 3251 1512 3308 etomnes

343 3569 447 3624 10101.
460 3571 588 3623 Persis
602 3573 687 3625 Asiae
711 3574 802 3637 ampla
823 3569 969 3634 provincia
986 3571 1022 3622 aa
1043 3582 1121 3624 mare
1138 3569 1291 3639 persicum,
1313 3581 1332 3622 a
1355 3567 1471 3621 Perse
1488 3569 1536 3620 vel

448 3665 550 3716 Perseo
566 3678 633 3732 rege
645 3666 687 3716 ale
700 3667 782 3717 dieta.
800 3665 841 3716 1²1.
854 3663 932 3715 Pers.
943 3663 980 3731 ’1,
998 3666 1024 3732 3,
1038 3665 1082 3716 28.
1143 3677 1147 3683 ·

344 3754 380 3807 V.
391 3759 450 3810 107.
466 3759 672 3821 Euphrates
687 3759 771 3810 Asiae
783 3759 883 3809 fluvius
890 3792 900 3825 ,
923 3757 969 3820 qui
983 3758 1012 3807 in
1024 3757 1142 3819 Niphate
1155 3758 1248 3807 moute
1264 3752 1409 3807 Armeniae
1421 3748 1537 3817 maJ'orta

450 3852 555 3916 oritur,
574 3855 604 3901 et
621 3863 682 3901 eum
701 3852 852 3916 Tigridem
866 3851 953 3900 alnum
974 3851 1116 3901 Persicam
1132 3851 1213 3902 eadit
1230 3849 1299 3900 Plin.
1313 3844 1350 3895 V.
1371 3847 1415 3910 tt,
1439 3847 1483 3896 2⁰.

345 3941 381 3991 V.
390 3943 450 3993 108.
467 3945 682 3994 Amarathea
695 3944 756 3994 slve
774 3944 902 3993 Marad
922 3940 962 3992 IV
977 3955 1047 3994 anno
1068 3945 1144 3998 ,1001
1161 3943 1273 4008 Bagdod
1289 3943 1318 3992 et
1333 3939 1437 3990 Erlvan
1452 3939 1537 3988 urbes

452 4037 545 4086 Persis
561 4039 632 4087 bello
649 4040 758 4098 ereptas
774 4049 859 4100 regno
874 4047 924 4086 auo
940 4031 1053 4100 adjecit:

347 4128 384 4179 V.
394 4131 454 4181 100.
473 4132 684 4200 Mustaphue
701 4129 817 4180 militiae
834 4131 966 4183 Turelcae
982 4131 1167 4198 praefectus,v
1188 4128 1235 4194 qui
1252 4138 1323 4179 enno
1343 4125 1413 4178 1000
1433 4121 1538 4173 Vien-

453 4234 529 4272 nam
550 4223 726 4287 oppugnavlt.
1194 4203 1195 4213 ¹

349 4314 453 4365 v.112.
470 4315 500 4363 lu
517 4314 589 4364 Edit.
607 4315 706 4364 venet.
723 4326 775 4375 pro
797 4315 1020 4380 Beelphegor
1037 4315 1117 4368 Oroi
1139 4313 1255 4379 legitur:
1288 4311 1419 4376 enegarat
1440 4309 1536 4360 Oreus.

350 4403 455 4460 Valla.
477 4407 625 4472 Stygias
642 4411 790 4457 turmas.
836 4408 936 4473 Styxf
949 4405 1011 4458 lons
1030 4408 1187 4474 Mundae,
1210 4417 1290 4469 quem
1309 4405 1445 4456 Romania
1460 4401 1539 4454 anxit

455 4498 708 4565 reformaturum,
725 4499 834 4563 ponitur
844 4499 972 4564 proipala
984 4497 1089 4552 luterb.
1111 4499 1193 4552 Paua.
1209 4496 1284 4566 vul,
1301 4499 1344 4551 18.

351 4595 386 4645 V.
396 4597 456 4648 110.
473 4596 501 4648 in
513 4593 584 4645 nait.
599 4594 698 4645 venet.
715 4590 893 4645 desideratur.
