3634 5667
1453 539 1539 634 xv

342 799 413 848 onus
429 787 473 834 est
490 784 557 832 tiore
574 777 691 842 plurimo
709 781 739 829 et
755 776 849 831 colore
864 789 1038 844 respersum,
1055 776 1128 842 quod
1138 771 1339 839 prdcbrltndine
1355 774 1385 824 et
1401 772 1542 826 varietate

337 890 425 940 vincit
443 888 595 939 animorum
615 882 782 935 satietatem.
818 881 916 947 Neque
934 893 1002 934 sane
1026 880 1111 934 facile
1137 893 1217 946 quem
1233 877 1351 930 dixerim
1375 877 1437 931 sive
1455 891 1473 930 a
1490 889 1541 930 ua-

336 998 421 1055 tura,
444 991 507 1040 sive
525 991 561 1040 ab
580 959 690 1054 ingenio
707 988 769 1049 plus
786 987 915 1038 babuisse
937 988 1008 1036 banc
1026 989 1115 1038 artem
1139 985 1257 1036 omniurn
1275 981 1375 1036 artium
1393 983 1542 1034 maximam

339 1099 375 1147 nd
392 1094 585 1145 delectandum
601 1093 662 1142 sine
678 1092 820 1142 satietate.
855 1092 935 1142 lianc
952 1091 1000 1142 ille
1018 1089 1173 1142 declaravit
1189 1089 1217 1140 in
1235 1087 1374 1154 omnibus,
1392 1082 1542 1151 majorem·

337 1211 392 1262 que
410 1199 438 1248 in
454 1199 566 1248 modum
582 1196 617 1246 iis
635 1195 758 1246 inlibris
773 1189 819 1260 11),
842 1196 889 1260 qni
913 1209 975 1246 oum
993 1197 1026 1247 de
1049 1195 1110 1248 vita
1134 1193 1190 1244 sint
1211 1181 1339 1244 'virorum
1363 1190 1411 1243 vel
1434 1192 1540 1245 virtute

337 1304 387 1354 uel
404 1303 553 1354 sanctitate
571 1301 787 1366 praestantium,
806 1301 858 1352 boc
875 1300 964 1365 magis
990 1300 1119 1350 videntur
1137 1297 1232 1348 lacere
1250 1295 1456 1364 difficultatem,
1473 1294 1539 1362 [quo

337 1408 400 1470 plus
417 1404 508 1458 solent
525 1407 599 1457 inter
615 1417 647 1456 se
664 1405 766 1455 babere
783 1403 978 1456 similitudinis.
1015 1405 1047 1456 ln
1064 1405 1188 1462 omnibus
1206 1405 1301 1454 antem
1317 1402 1390 1454 tuest
1405 1404 1538 1462 venusta·

336 1515 375 1562 tis
393 1512 503 1575 quidam
525 1512 603 1563 color
629 1509 755 1560 oratione
781 1507 896 1559 diffusus
913 1520 966 1560 nec
993 1507 1074 1560 nimis
1091 1511 1260 1575 extenuata,
1294 1507 1346 1558 sad
1373 1509 1539 1574 temperata,

336 1616 413 1682 leui,
432 1620 461 1666 et
483 1616 545 1666 iere
562 1615 680 1665 dixerim
698 1612 799 1678 tereti,
824 1613 861 1664 ad
878 1622 961 1676 quam
978 1625 1041 1665 curn
1058 1614 1126 1682 ordo
1144 1616 1174 1663 et
1191 1612 1315 1663 delectus
1333 1611 1450 1669 accedat
1455 1643 1466 1676 ‚
1490 1609 1539 1675 de-

335 1720 487 1772 lcotatioue
503 1721 591 1770 vincit
609 1718 759 1769 fastidium.

408 1845 497 1911 Igitur
512 1845 603 1895 minus
621 1846 666 1894 est
682 1841 851 1905 mirandum,
868 1841 893 1892 si
911 1841 974 1892 huic
992 1843 1124 1906 magistro
1143 1853 1206 1893 cum
1222 1853 1259 1891 ex
1276 1838 1461 1906 nostratibus,
1479 1840 1539 1888 tum
1630 1849 1632 1858 ·

336 1961 374 1999 ex
389 1947 444 2014 iis,
475 1949 524 2012 qui
540 1959 596 1999 nna
613 1960 675 1999 cum
691 1947 753 2008 ipso
769 1943 852 1996 sinam
870 1948 951 1996 eraut
965 1947 1089 1996 Arcades
1094 1979 1104 2012 ,
1121 1943 1283 2008 ipraeterea
1302 1945 1455 2008 quicunque
1474 1941 1540 1993 lite-

335 2061 431 2102 rarum
447 2051 538 2101 studio
557 2052 742 2118 ducebantur,
766 2052 821 2100 tam
839 2059 878 2109 se,
889 2048 1034 2110 plurimum
1052 2050 1172 2116 dabant,
1204 2047 1295 2099 nullus
1313 2053 1344 2098 ut
1369 2049 1458 2098 terme
1473 2044 1539 2097 'dies

337 2163 445 2203 vacuus
461 2155 591 2206 essetab
609 2154 684 2204 illius
708 2152 914 2205 consuetudine.
951 2153 1004 2214 Qui
1029 2165 1192 2218 quamquam
1214 2152 1297 2218 longe
1321 2149 1540 2203 modestissimus

335 2256 439 2307 nemiui
456 2270 488 2307 ae
505 2257 542 2308 ad
559 2259 711 2310 docendum
728 2259 828 2324 dabat,
863 2261 956 2308 tamen
983 2259 1185 2310 considentibus
1202 2257 1392 2317 respondendo
1410 2255 1537 2307 docebat

334 2359 372 2410 Et
395 2360 469 2411 baud
492 2360 569 2427 acio,
599 2375 636 2416 an
657 2364 791 2429 magister
817 2361 865 2412 illo
891 2366 968 2414 esset
993 2363 1065 2415 ullus
1090 2362 1119 2412 in
1141 2359 1307 2410 instituendo
1333 2357 1538 2422 praestantiora

334 2475 454 2527 namque
472 2465 508 2514 ad
525 2463 606 2516 unius
624 2461 757 2530 cujusque
774 2468 900 2517 naturam
923 2467 1092 2532 singularem
1118 2465 1253 2529 quandam
1278 2477 1357 2515 suam
1381 2472 1538 2538 accommo-

335 2567 421 2617 dabat
438 2567 604 2620 facilitatem
620 2568 742 2636 ingenii,
761 2570 802 2622 ita
818 2573 896 2620 utet
913 2569 1059 2639 celeriter,
1088 2580 1159 2634 quae
1178 2579 1246 2629 opus
1265 2569 1344 2618 eraut
1353 2600 1364 2634 ,
1389 2564 1538 2631 cogitaret,

334 2673 365 2720 et
382 2672 478 2721 eadem
497 2672 651 2734 explicaret
674 2683 782 2723 summa
804 2684 870 2721 nsua
887 2675 1033 2735 prudentia
1059 2676 1095 2724 ad
1119 2670 1307 2723 informandas
1322 2670 1440 2719 mentes.
1476 2666 1539 2718 lloo

331 2774 364 2824 ln
380 2784 414 2824 eo
434 2778 564 2826 constans
581 2776 635 2825 tuit
654 2779 682 2826 et
698 2779 878 2842 perpetuum,
897 2771 1013 2839 ejusque
1029 2790 1080 2828 nos
1098 2789 1192 2827 sumus
1209 2773 1254 2825 rei
1268 2775 1364 2823 testes.
1402 2771 1539 2850 Octauium

334 2879 433 2940 egerat
455 2880 486 2926 et
510 2879 709 2943 octogesimum
727 2891 842 2945 annum,
878 2893 940 2930 cum
965 2893 1026 2930 eum
1050 2881 1138 2944 prium
1164 2877 1359 2944 eognovimus,
1390 2879 1474 2939 atque
1492 2873 1537 2924 blo

334 2979 377 3029 illi
394 2983 551 3040 postremus
569 2979 631 3030 luit.
667 2982 710 3032 Ad
728 2982 921 3046 gravissimam
939 2987 1108 3034 senectutem
1127 2979 1293 3047 accedebat,
1313 2980 1385 3044 quod
1403 2981 1438 3031 ab
1457 2977 1537 3030 annis

334 3083 450 3132 circiter
466 3086 530 3134 octo
547 3083 652 3134 lumina
668 3084 810 3133 oculorum
830 3087 981 3154 amiserat,
1011 3100 1092 3153 quam
1111 3087 1296 3139 calamitatem
1314 3095 1424 3146 semper
1440 3083 1536 3135 mode-
1553 3069 1555 3074 ’

334 3190 398 3238 rate
416 3186 496 3237 tulitt
527 3186 716 3238 assiduissime
735 3199 796 3237 cum
815 3187 863 3238 iilo
882 3201 1008 3256 eramus,
1042 3191 1165 3242 studiose
1183 3189 1381 3240 exercebamur
1396 3187 1457 3249 ipso
1476 3185 1536 3249 qul·

333 3290 396 3338 dem
412 3289 540 3350 lnbente;
566 3290 647 3340 modo
664 3294 759 3340 nostra
776 3291 957 3358 legebamus,
981 3296 1062 3346 modo
1082 3284 1174 3347 aliena
1192 3289 1254 3359 ejus
1267 3287 1402 3357 judicium
1420 3290 1535 3352 audiam

331 3397 376 3442 tes
393 3392 482 3442 veluti
498 3391 639 3457 regulam,
659 3404 715 3455 qua
730 3404 801 3442 vera
818 3396 847 3443 et
864 3393 938 3446 laisa
951 3391 1160 3466 judicaremus,
1190 3398 1307 3462 quidque
1336 3396 1372 3447 ad
1387 3394 1534 3446 scientiam

333 3498 364 3544 et
380 3495 548 3558 elegantiam
567 3493 781 3544 desideraretur.
818 3496 861 3548 lta
877 3497 979 3564 tiebat,
1006 3504 1199 3564 utrumquem
1217 3512 1271 3551 non
1289 3497 1410 3562 qrrotidie
1428 3496 1533 3561 aliquid

331 3599 538 3648 addisceremus
569 3596 758 3647 adolescentes
787 3599 822 3647 ab
856 3613 924 3649 serre
953 3602 1055 3664 stipato
1087 3603 1185 3654 studiis
1207 3597 1372 3668 juventutis.
1416 3599 1533 3650 Tantum

332 3696 395 3764 ejus
412 3713 489 3751 mens
507 3701 593 3765 nibil,
627 3702 700 3762 quod
731 3697 761 3750 iri
790 3701 904 3765 reliquis
930 3705 1020 3773 goiet,
1043 3705 1208 3771 imbecillior
1226 3705 1270 3762 eat
1286 3702 1381 3774 iacta,
1401 3713 1483 3767 quam
1500 3701 1530 3754 in

326 3797 474 3866 juventute
492 3802 601 3853 fuisset.
618 3799 673 3861 111)

328 3938 753 3958 Ἣ

329 4028 364 4091 *J
381 4032 450 4084 Vita
467 4029 531 4084 dell’
547 4034 726 4096 imperatrice
743 4037 834 4090 Eleo
845 4051 944 4091 nora.
979 4037 1046 4092 Vita
1063 4041 1091 4091 di
1108 4039 1266 4106 Monsignor
1282 4038 1438 4094 Ruanini
1455 4041 1529 4094 Ves-

382 4105 501 4154 euvodi
526 4105 671 4169 Pergamo.
707 4108 776 4159 Vita
797 4111 843 4160 del
870 4111 959 4170 ¹conto
982 4111 1086 4163 Matteo
1119 4108 1303 4164 laverna.
1339 4105 1407 4164 V'ita
1432 4114 1459 4164 di
1476 4125 1529 4166 san

382 4173 539 4225 Gioanui
565 4177 593 4225 di
621 4178 683 4228 Dio.
736 4180 893 4232 ltltlessioni
926 4193 1009 4242 sopra
1034 4183 1062 4232 lo
1092 4184 1165 4232 stato
1196 4187 1323 4246 presente
1349 4185 1421 4235 della
1446 4184 1527 4236 cina.

381 4241 578 4296 Osservazioni
595 4259 612 4296 e
628 4248 745 4310 ltiposta
761 4261 846 4312 sopra
862 4253 889 4302 le
905 4254 1005 4302 siesse.
1041 4253 1178 4303 Funerale
1204 4255 1262 4306 alla
1286 4255 1393 4319 Regina
1410 4255 1528 4322 Maria

297 4320 303 4338 ⁸
379 4316 490 4365 Anna.
526 4317 828 4387 Funeralealsignor
850 4322 1045 4374 Mauiredo
1072 4323 1228 4376 settnla.
1264 4327 1305 4378 Le
1331 4326 1526 4391 Fsperldiper

379 4384 472 4451 lemn,
491 4389 521 4435 et
537 4390 641 4438 cetera.

325 4450 367 4490 {ff
789 4463 796 4476 ·
1127 4459 1134 4486 9

365 4453 1525 4597 11111111111ξπὶ1111111111,1111111111ξεῖ

378 4596 454 4646 leura
473 4597 655 4665 entreerises,
680 4603 700 4650 il
717 4603 759 4652 les
776 4604 925 4667 dirigeoit‚
959 4605 978 4653 ii
998 4605 1152 4654 ccuduisoit
1168 4605 1244 4654 leura
1263 4606 1368 4658 drudes.
1406 4602 1522 4672 Quelqu'

376 4667 482 4730 occupa
500 4664 566 4733 qu'il
583 4667 627 4721 tiit
650 4672 685 4722 de
702 4685 749 4723 ses
765 4686 880 4737 procrea
898 4674 1030 4742 allairac,
1057 4669 1160 4739 jamnis
1185 4675 1205 4724 il
1228 4689 1264 4728 ne
1287 4689 1319 4726 se
1343 4676 1461 4730 reirrsoit
1485 4688 1522 4730 au
