3634 5667
606 568 608 573 .
710 512 1064 616 urrunnu

272 711 337 782 Lis
362 708 414 779 ita
442 703 674 804 composita:
700 705 750 778 Ut
773 707 931 806 primum
956 705 1169 780 discrimina
1193 710 1321 784 Martis

272 829 447 927 Principe
475 826 543 898 sub
571 825 701 925 Stygio
727 826 894 900 collectis
919 826 1055 902 viribus
1081 853 1209 902 omnes
1395 841 1468 920 480

278 947 494 1022 Concordes
519 946 648 1016 ineant
657 974 669 1039 3
697 945 755 1016 sin
781 974 867 1022 vero
892 973 1075 1046 prospera
1098 973 1244 1047 pugnae

277 1071 369 1142 Sors
395 1069 514 1140 minus
541 1064 737 1156 acciderit,
763 1093 833 1138 nec
858 1067 929 1140 soli
954 1067 1135 1139 obsistere
1160 1068 1315 1166 possint,

275 1193 384 1261 'I'unc
408 1187 540 1286 aliquis
568 1187 714 1284 demum
738 1186 886 1259 mortali
913 1212 933 1257 e
960 1189 1137 1280 sanguine
1162 1205 1296 1279 cretus,

275 1309 442 1380 Foedere
469 1308 685 1407 conjuncto,
711 1307 799 1379 belli
825 1306 1037 1378 moderetur
1058 1307 1236 1395 habenas,

276 1428 535 1525 Succedatque
562 1428 678 1500 oneri.
730 1427 938 1499 Clamorem
960 1427 1008 1497 ad
1033 1404 1156 1501 sidera
1181 1427 1315 1502 tollunt
1397 1443 1467 1520 485

275 1552 442 1622 Assensu
466 1547 658 1621 unanimes
685 1547 819 1645 cuncti.
871 1549 946 1617 Ter
971 1546 1120 1618 flumine
1147 1548 1247 1620 salso
1279 1573 1281 1584 “

274 1672 324 1740 Et
347 1669 432 1767 pice
457 1666 632 1764 liquenti,
660 1686 717 1740 ter
741 1667 896 1770 plumbo
923 1682 959 1738 et
983 1666 1158 1766 sulphure
1183 1671 1264 1769 regi

275 1787 426 1860 inferno
450 1785 588 1877 libant,
615 1805 673 1859 ter
697 1789 794 1888 nigri
818 1786 906 1858 felle
929 1787 1074 1860 veneni.

276 1911 375 1979 Tum
400 1907 557 1979 choreae
584 1933 767 1982 enormes.
819 1909 986 2006 Quatuur
1012 1907 1326 1999 cacodaemones,
1352 1912 1436 1985 orbi

275 2029 431 2100 Lumine
455 2045 626 2126 utroque,
652 2029 794 2102 hirsuto
819 2027 990 2128 pectine,
1014 2047 1184 2130 pegmate
1211 2031 1257 2102 ab
1285 2031 1359 2107 alto
1398 2042 1487 2130 490,

278 2147 484 2220 Sambucas
510 2148 659 2222 chordis
685 2151 936 2249 gravioribus,
963 2167 1001 2222 et
1024 2150 1280 2224 monochorda
1315 2223 1321 2236 ,
1361 2225 1363 2232 ,

277 2268 480 2341 Unanimes
506 2266 654 2340 feriunt.
704 2272 866 2344 Pedibus
892 2273 1016 2343 tremit
1040 2273 1114 2344 icta
1139 2270 1291 2344 bisulcis
1379 2327 1383 2335 .

275 2388 439 2460 Saltibus
466 2405 504 2460 et
526 2389 669 2487 magnis
693 2390 828 2467 tellust
852 2393 1063 2464 ululatibus
1079 2407 1186 2462 antra

274 2512 398 2608 Atque
425 2521 535 2582 carae
559 2527 739 2582 resonant
758 2511 883 2586 valles.
933 2515 1033 2604 Vae,
1058 2497 1174 2584 ‘turba
1197 2499 1440 2587 Acherontis!
1479 2578 1481 2586 t

277 2633 357 2704 Vae
382 2629 470 2718 tibi,
495 2628 622 2728 vulgus
645 2629 764 2707 iners!
789 2659 877 2721 vae,
907 2633 1014 2733 nigra
1040 2632 1208 2704 examina
1231 2635 1348 2707 Ditis!
1385 2645 1471 2722 ,495
1497 2711 1502 2718 ,

278 2755 352 2824 Tot
378 2749 572 2851 strepitus,
597 2766 654 2822 tot
678 2768 826 2849 spectra
848 2753 962 2826 Erebi
985 2782 1060 2854 quo
1086 2753 1246 2852 denique
1271 2738 1435 2855 vergant,

276 2876 454 2972 Expecto.
504 2870 610 2943 Juvat
632 2871 730 2943 hane
756 2873 887 2946 animis
912 2874 1024 2947 modo
1048 2892 1193 2974 tergere
1219 2875 1367 2967 nubem,
1454 2887 1458 2895 '

277 2997 401 3091 Atque
426 3015 549 3062 meum
574 2988 695 3079 siduS,
721 2991 950 3092 nitidumque
976 2997 1136 3070 revisere
1162 2993 1294 3086 solem,

278 3115 398 3212 Quem
423 3109 558 3183 dudum
587 3109 685 3182 baud
709 3111 818 3186 rideo
844 3115 989 3189 nebulis
1016 3115 1179 3190 inclusus
1206 3116 1348 3216 opacis,

277 3234 423 3331 Vixque
447 3230 542 3306 adeo
567 3231 731 3324 intueor,
757 3233 910 3334 fuligine
935 3237 1069 3338 plenus
1096 3253 1133 3308 et
1157 3237 1308 3312 umbris.
1402 3251 1472 3320 500

274 3463 308 3513 V.
327 3464 389 3514 493.
408 3465 479 3513 Edit.
494 3465 591 3513 venet.
613 3475 661 3525 pru
678 3469 714 3514 et
737 3468 879 3531 magnis
905 3469 925 3516 l.
941 3469 1083 3521 horrtfiuls.

275 3565 310 3615 V.
326 3568 389 3617 tet.
416 3569 589 3616 Acheron
613 3568 661 3624 (ab
684 3580 703 3617 a
731 3569 802 3629 priv.
825 3574 853 3619 et
878 3552 967 3638 χαρά,
987 3573 1129 3638 gaudium)
1155 3572 1254 3623 fluvius
1287 3571 1474 3623 Interorutna

417 3658 506 3722 poetis
521 3659 610 3708 notus
633 3669 716 3724 saepe
736 3671 787 3724 pro
808 3663 877 3726 ipsu
897 3663 998 3716 luteris
1021 3666 1139 3732 ponitur.
1176 3666 1254 3716 flerv.
1273 3667 1341 3724 Aen.
1359 3665 1387 3733 θ,
1412 3665 1473 3718 lot·

418 3751 474 3800 Cic.
492 3749 521 3799 in
539 3755 626 3802 senat.
777 3803 787 3824 x
809 3793 813 3802 .

416 3843 489 3893 Edit.
509 3843 607 3892 venet.
622 3843 708 3908 leglt:

484 3934 690 3999 umbrosaeque
706 3937 804 3986 sonent
817 3935 915 3986 valles.
