3634 5667
668 579 908 650 LIBER
955 573 1017 651 Vl.

264 784 366 854 Arva
389 765 517 878 teglrnt
538 776 647 878 pictis
671 776 833 849 tentoria
856 774 976 848 serica
1001 771 1101 846 velie.

265 904 372 991 Heu,
398 921 494 1000 quae
519 913 598 969 tum
619 897 778 969 miserae
803 894 942 986 facies,
964 891 1067 992 quae'.
1084 906 1170 966 vota
1194 894 1361 993 paventis

264 1022 414 1093 Italiae!
439 1020 531 1109 heu,
557 1017 713 1120 propior
738 1016 908 1089 flammae
928 1013 1062 1114 quibus
1089 1011 1196 1084 anxia
1223 1014 1320 1085 curis

265 1140 404 1213 Litoris
429 1137 581 1212 Adriaci
605 1140 754 1239 regina,
775 1137 940 1235 urbsque
966 1133 1064 1205 alma
1089 1130 1243 1231 Quirini,

268 1263 426 1360 Ignarae
449 1257 539 1359 quid
566 1258 644 1331 fata
667 1275 818 1359 parent,
845 1283 919 1356 quo
941 1252 1110 1352 pondere
1134 1256 1305 1350 vergant!
1389 1270 1460 1339 355

268 1382 342 1479 Qui
367 1379 542 1477 gemitus,
570 1404 665 1477 quae
691 1379 792 1451 fama
818 1400 947 1449 omnes
969 1371 1069 1446 male
1092 1371 1165 1445 fida
1189 1398 1258 1471 per
1279 1374 1411 1456 urbes!

267 1499 472 1573 Posteritas
499 1500 550 1598 (si
575 1526 653 1570 non
676 1524 761 1571 sera
785 1498 851 1569 illa
879 1514 1116 1593 extremaque
1141 1488 1269 1565 muudi
1295 1520 1348 1587 es,

271 1620 404 1692 Visura
430 1618 612 1691 excidium
635 1619 778 1717 rerum)
803 1644 852 1689 ne
877 1617 967 1689 talia
988 1640 1116 1715 speres

267 1743 386 1813 Posse
411 1738 484 1812 tuis
508 1738 750 1812 memoranda
775 1738 870 1810 adeo
891 1740 1107 1837 contingere
1134 1734 1255 1810 seclis.

369 1861 471 1931 Ecce
494 1875 617 1931 autem
639 1858 742 1959 pieta
766 1860 806 1931 in
829 1860 981 1933 summis
1002 1856 1242 1957 laquearibus
1268 1857 1353 1931 aula
1391 1868 1463 1946 646

267 1978 442 2050 Numinis
467 1996 642 2078 apparet,
667 2004 835 2079 puraque
860 1979 901 2051 in
925 1993 1027 2052 reste
1054 1976 1240 2052 Sacerdos

267 2098 449 2170 Maximus
475 2096 600 2171 effusis
625 2097 819 2200 lacrymis,
846 2116 1014 2173 avertere
1041 2096 1188 2171 cladem

269 2217 313 2288 Si
339 2235 470 2316 queat3
494 2235 531 2290 et
557 2217 695 2291 Caesar
721 2220 875 2319 supplex
899 2224 1140 2319 Angustaque
1166 2219 1315 2319 conjux,

266 2343 318 2411 Et
342 2340 420 2411 nati
445 2338 603 2437 gemini,
630 2355 741 2436 atque
767 2341 886 2410 omnis
913 2341 1115 2411 Germania
1139 2364 1327 2433 moerens,
1351 2345 1355 2352 “

267 2460 577 2558 Hungariousque
591 2456 722 2530 aderat
737 2459 868 2529 Divum
879 2460 1025 2548 chorus,
1052 2460 1210 2559 ipsaque
1229 2460 1368 2560 sceptri
1394 2469 1466 2547 545

266 2580 477 2651 Pannonici
502 2596 627 2651 custos
652 2578 790 2677 Virgo,
815 2578 1034 2677 veniamque
1060 2578 1256 2677 rogabant.
1320 2676 1324 2683 μ

266 2702 440 2799 Namque
465 2699 535 2771 hos
562 2724 583 2770 e
609 2698 716 2771 coelo
743 2700 968 2800 armipotens
995 2698 1188 2797 objecerat
1213 2699 1334 2800 aegris

267 2822 451 2891 Terrores
474 2820 622 2922 populis
646 2820 778 2894 Dirum
802 2822 912 2892 Pater
937 2837 1049 2917 atque
1074 2810 1264 2910 hominum
1286 2804 1378 2911 Rex,
1403 2803 1408 2813 ’
1434 2896 1438 2905 ,
1545 2824 1548 2831 ’

266 2942 370 3013 Vota
395 2938 584 3013 auditurus
608 2940 829 3014 miserorum
855 2958 892 3013 et
912 2942 1016 3039 jacta
1041 2940 1108 3013 sub
1137 2966 1246 3013 auras

267 3063 451 3132 Lamenta
476 3078 514 3133 et
539 3060 715 3161 gemitusz
742 3058 854 3162 Queis
872 3059 1033 3158 denique
1057 3078 1190 3151 motus,
1218 3062 1265 3134 ab
1292 3062 1368 3135 alto
1393 3075 1465 3144 550

268 3183 433 3253 Aethere
457 3182 712 3282 prospiciens,
739 3179 868 3253 oeulos
895 3179 944 3251 ad
969 3182 1116 3254 moenia
1140 3182 1249 3255 torsit

268 3302 353 3375 Jem
380 3319 527 3373 centum
550 3302 724 3403 perfossa
748 3302 860 3375 locist
888 3300 996 3373 simul
1022 3303 1181 3400 armiger
1201 3304 1291 3375 Ales

265 3424 368 3493 Aere
392 3448 482 3495 caro
507 3424 688 3516 insonuit,
711 3422 834 3496 sonitu
860 3448 972 3521 quem
996 3422 1140 3499 Vistula
1166 3421 1277 3527 longe

267 3541 397 3612 Audiit
423 3560 534 3641 atque
559 3546 746 3643 Hypanis,
773 3541 958 3643 gelidique
983 3543 1224 3640 Borysthenis
1251 3540 1371 3633 unda3

266 3660 398 3733 Audiit
423 3681 461 3734 et
485 3664 596 3762 longe
622 3665 766 3737 nivibus
793 3660 1016 3761 glacialibus
1042 3663 1199 3735 horrens
1392 3676 1463 3743 355
1527 3656 1533 3671 „

266 3934 303 3983 V.
324 3936 387 3987 664.
405 3935 558 3988 Litoris
575 3940 734 3991 Adriani
752 3938 915 4000 (Adriatioii
934 3941 1067 4005 regino
1085 3942 1104 3995 i.
1125 3939 1155 3993 6.
1169 3941 1312 3993 Venetiae.
1332 3936 1381 4003 Vl,
1401 3938 1463 3989 802.

445 4027 540 4078 Urbs
568 4032 661 4082 aima
678 4031 826 4091 Quirini
852 4032 872 4081 i.
899 4044 925 4081 e.
945 4033 1060 4082 Roma.
1099 4030 1463 4100 Quirinusuomeniiomuli,

409 4118 456 4180 qui
473 4120 587 4171 Romam
605 4123 759 4173 condidisse
777 4123 873 4173 fertur.
889 4124 947 4173 cie.
967 4125 1048 4175 tuse.
1068 4126 1094 4187 1,
1114 4127 1157 4176 12.

265 4209 582 4263 V.841·Saoerdos
608 4215 786 4265 Maximus
823 4216 842 4265 i.
870 4228 895 4265 6.
929 4215 1175 4266 innocentius
1205 4216 1253 4267 xi.
1287 4212 1464 4274 (Benedictus

410 4299 585 4365 Odescaichi)
604 4311 660 4357 nat.
681 4308 760 4372 1611,
780 4306 907 4357 Pontifex
925 4308 998 4357 Max.
1019 4311 1129 4357 oreatus
1148 4308 1227 4365 1676,
1246 4310 1326 4358 mort.
1348 4306 1426 4357 1686.

263 4392 300 4443 V.
321 4394 383 4445 646.
404 4389 543 4454 Caesar
559 4400 719 4460 supplex
736 4398 756 4448 i.
776 4410 802 4447 6.
820 4397 975 4460 Leopoldus
993 4396 1015 4447 1.
1034 4398 1092 4449 cfr.
1111 4398 1160 4465 vi,
1180 4402 1240 4451 666.

263 4484 302 4536 V.
322 4489 384 4539 866.
403 4486 551 4537 Vistula
569 4490 738 4548 (lveietsel)
768 4489 867 4538 ouvius
894 4491 1059 4541 Germaniae
1087 4478 1247 4556 orientalis,
1274 4501 1355 4553 qriam
1373 4501 1391 4539 6
1409 4489 1462 4538 Ρο-

407 4577 482 4627 louis
499 4579 689 4642 disterminat,
709 4580 897 4644 Baltieumquo
915 4592 991 4630 mare
1010 4583 1089 4643 petit.

263 4669 300 4717 V.
321 4672 382 4722 864.
401 4670 582 4738 Hypanis,
600 4674 861 4735 Borysthenes.
899 4670 956 4722 Gir.
976 4671 1011 4740 V,
1030 4675 1091 4724 stt.
