<?xml version="1.0" encoding="UTF-8"?>
<!DOCTYPE html PUBLIC "-//W3C//DTD XHTML 1.0 Transitional//EN"
    "http://www.w3.org/TR/xhtml1/DTD/xhtml1-transitional.dtd">
<html xmlns="http://www.w3.org/1999/xhtml" xml:lang="en" lang="en">
 <head>
  <title>
</title>
<meta http-equiv="Content-Type" content="text/html;charset=utf-8" />
  <meta name='ocr-system' content='tesseract 3.04.00' />
  <meta name='ocr-capabilities' content='ocr_page ocr_carea ocr_par ocr_line ocrx_word'/>
</head>
<body>
  <div class='ocr_page' id='page_1' title='image "./jesuspuer00cevagoog_0060.png"; bbox 0 0 3634 5667; ppageno 0'>
   <div class='ocr_carea' id='block_1_1' title="bbox 353 456 1119 598">
    <p class='ocr_par' dir='ltr' id='par_1_1' title="bbox 353 456 1119 598">
     <span class='ocr_line' id='line_1_1' title="bbox 353 456 1119 598; baseline 0.003 -15"><span class='ocrx_word' id='word_1_1' title='bbox 353 456 402 598; x_wconf 69' lang='lat' dir='ltr'><strong>tt</strong></span> <span class='ocrx_word' id='word_1_2' title='bbox 580 584 585 592; x_wconf 76' lang='grc'><strong>,</strong></span> <span class='ocrx_word' id='word_1_3' title='bbox 783 511 1119 585; x_wconf 82' lang='lat' dir='ltr'><strong>LIBERII.</strong></span> 
     </span>
    </p>
   </div>
   <div class='ocr_carea' id='block_1_2' title="bbox 192 706 1551 820">
    <p class='ocr_par' dir='ltr' id='par_1_2' title="bbox 192 706 1551 820">
     <span class='ocr_line' id='line_1_2' title="bbox 192 706 1551 820; baseline 0.014 -45"><span class='ocrx_word' id='word_1_4' title='bbox 192 791 197 820; x_wconf 37' lang='grc' dir='ltr'><em>ι</em></span> <span class='ocrx_word' id='word_1_5' title='bbox 267 760 271 798; x_wconf 56' lang='lat'>3</span> <span class='ocrx_word' id='word_1_6' title='bbox 352 708 555 810; x_wconf 67' lang='lat' dir='ltr'><strong>(iuglandes</strong></span> <span class='ocrx_word' id='word_1_7' title='bbox 578 709 763 810; x_wconf 87' lang='lat' dir='ltr'><strong>prunique</strong></span> <span class='ocrx_word' id='word_1_8' title='bbox 787 709 992 810; x_wconf 80' lang='lat' dir='ltr'>humilique</span> <span class='ocrx_word' id='word_1_9' title='bbox 1018 736 1063 782; x_wconf 85' lang='lat' dir='ltr'><strong>cx</strong></span> <span class='ocrx_word' id='word_1_10' title='bbox 1087 706 1221 783; x_wconf 86' lang='lat' dir='ltr'><strong>arbore</strong></span> <span class='ocrx_word' id='word_1_11' title='bbox 1247 709 1337 783; x_wconf 85' lang='lat' dir='ltr'><strong>licus</strong></span> <span class='ocrx_word' id='word_1_12' title='bbox 1447 729 1551 796; x_wconf 77' lang='lat'><strong>&#39;155</strong></span> 
     </span>
    </p>
   </div>
   <div class='ocr_carea' id='block_1_3' title="bbox 265 820 1492 1295">
    <p class='ocr_par' dir='ltr' id='par_1_3' title="bbox 264 820 1492 1295">
     <span class='ocr_line' id='line_1_3' title="bbox 265 820 1395 932; baseline -0.002 -28.002"><span class='ocrx_word' id='word_1_13' title='bbox 265 820 270 889; x_wconf 75' lang='lat' dir='ltr'><strong>l</strong></span> <span class='ocrx_word' id='word_1_14' title='bbox 356 829 542 904; x_wconf 86' lang='lat' dir='ltr'><strong>Consertis</strong></span> <span class='ocrx_word' id='word_1_15' title='bbox 566 831 700 920; x_wconf 79' lang='lat' dir='ltr'><strong>ramis,</strong></span> <span class='ocrx_word' id='word_1_16' title='bbox 726 849 947 931; x_wconf 84' lang='lat' dir='ltr'><strong>praetexunt</strong></span> <span class='ocrx_word' id='word_1_17' title='bbox 968 831 1133 932; x_wconf 89' lang='lat' dir='ltr'><strong>undique</strong></span> <span class='ocrx_word' id='word_1_18' title='bbox 1159 831 1303 905; x_wconf 85' lang='lat' dir='ltr'><strong>callem.</strong></span> <span class='ocrx_word' id='word_1_19' title='bbox 1391 888 1395 894; x_wconf 94' lang='lat'>.</span> 
     </span>
     <span class='ocr_line' id='line_1_4' title="bbox 355 950 1332 1053; baseline -0.001 -29.085"><span class='ocrx_word' id='word_1_20' title='bbox 355 952 562 1024; x_wconf 82' lang='lat' dir='ltr'><strong>Comuntur</strong></span> <span class='ocrx_word' id='word_1_21' title='bbox 586 968 730 1025; x_wconf 82' lang='lat' dir='ltr'><strong>veteres</strong></span> <span class='ocrx_word' id='word_1_22' title='bbox 753 969 875 1027; x_wconf 86' lang='lat' dir='ltr'><strong>turres</strong></span> <span class='ocrx_word' id='word_1_23' title='bbox 900 971 1013 1053; x_wconf 86' lang='lat' dir='ltr'><strong>atque</strong></span> <span class='ocrx_word' id='word_1_24' title='bbox 1027 951 1178 1053; x_wconf 87' lang='lat' dir='ltr'><strong>oppida</strong></span> <span class='ocrx_word' id='word_1_25' title='bbox 1201 950 1332 1050; x_wconf 83' lang='lat' dir='ltr'><strong>longe,</strong></span> 
     </span>
     <span class='ocr_line' id='line_1_5' title="bbox 354 1078 1492 1174; baseline -0.001 -29"><span class='ocrx_word' id='word_1_26' title='bbox 354 1078 576 1146; x_wconf 86' lang='lat' dir='ltr'><strong>Immensum</strong></span> <span class='ocrx_word' id='word_1_27' title='bbox 602 1098 818 1173; x_wconf 89' lang='lat' dir='ltr'><strong>camporum</strong></span> <span class='ocrx_word' id='word_1_28' title='bbox 842 1099 985 1174; x_wconf 85' lang='lat' dir='ltr'><strong>aequor</strong></span> <span class='ocrx_word' id='word_1_29' title='bbox 1005 1099 1272 1173; x_wconf 85' lang='lat' dir='ltr'><strong>nemorumque</strong></span> <span class='ocrx_word' id='word_1_30' title='bbox 1299 1097 1492 1164; x_wconf 79' lang='lat' dir='ltr'>recessus,</span> 
     </span>
     <span class='ocr_line' id='line_1_6' title="bbox 268 1190 1362 1295; baseline 0.003 -32"><span class='ocrx_word' id='word_1_31' title='bbox 268 1258 270 1263; x_wconf 89' lang='lat'><em>.</em></span> <span class='ocrx_word' id='word_1_32' title='bbox 354 1193 586 1290; x_wconf 89' lang='lat' dir='ltr'><strong>Auditurque</strong></span> <span class='ocrx_word' id='word_1_33' title='bbox 612 1190 740 1292; x_wconf 80' lang='lat' dir='ltr'><strong>fragor</strong></span> <span class='ocrx_word' id='word_1_34' title='bbox 764 1197 953 1286; x_wconf 85' lang='lat' dir='ltr'><strong>torrentis,</strong></span> <span class='ocrx_word' id='word_1_35' title='bbox 981 1221 1092 1295; x_wconf 89' lang='lat' dir='ltr'><strong>quem</strong></span> <span class='ocrx_word' id='word_1_36' title='bbox 1118 1219 1208 1269; x_wconf 83' lang='lat' dir='ltr'><strong>cusa</strong></span> <span class='ocrx_word' id='word_1_37' title='bbox 1232 1193 1362 1266; x_wconf 78' lang='lat' dir='ltr'>subtus</span> 
     </span>
    </p>
   </div>
   <div class='ocr_carea' id='block_1_4' title="bbox 266 1283 1636 1416">
    <p class='ocr_par' dir='ltr' id='par_1_4' title="bbox 266 1283 1636 1430">
     <span class='ocr_line' id='line_1_7' title="bbox 266 1283 1636 1416; baseline 0.001 -26"><span class='ocrx_word' id='word_1_38' title='bbox 266 1345 270 1416; x_wconf 78' lang='lat' dir='ltr'>j</span> <span class='ocrx_word' id='word_1_39' title='bbox 353 1315 471 1390; x_wconf 88' lang='lat' dir='ltr'><strong>Vallis</strong></span> <span class='ocrx_word' id='word_1_40' title='bbox 498 1313 574 1412; x_wconf 82' lang='lat' dir='ltr'><strong>agit</strong></span> <span class='ocrx_word' id='word_1_41' title='bbox 595 1339 664 1414; x_wconf 91' lang='lat' dir='ltr'><strong>per</strong></span> <span class='ocrx_word' id='word_1_42' title='bbox 687 1339 854 1390; x_wconf 81' lang='lat' dir='ltr'><strong>semesae</strong></span> <span class='ocrx_word' id='word_1_43' title='bbox 880 1315 1037 1391; x_wconf 79' lang='lat' dir='ltr'><strong>declivia</strong></span> <span class='ocrx_word' id='word_1_44' title='bbox 1056 1315 1180 1414; x_wconf 83' lang='lat' dir='ltr'><strong>ripae:</strong></span> <span class='ocrx_word' id='word_1_45' title='bbox 1479 1325 1553 1391; x_wconf 78' lang='lat'><strong>160</strong></span> <span class='ocrx_word' id='word_1_46' title='bbox 1635 1283 1636 1292; x_wconf 18' lang='lat' dir='ltr'><strong>l</strong></span> 
     </span>
    </p>
   </div>
   <div class='ocr_carea' id='block_1_5' title="bbox 252 1431 1554 4555">
    <p class='ocr_par' dir='ltr' id='par_1_5' title="bbox 269 1431 1431 1657">
     <span class='ocr_line' id='line_1_8' title="bbox 269 1431 1431 1534; baseline -0.002 -27"><span class='ocrx_word' id='word_1_47' title='bbox 269 1431 272 1436; x_wconf 66' lang='grc'><strong>’</strong></span> <span class='ocrx_word' id='word_1_48' title='bbox 352 1437 449 1507; x_wconf 89' lang='lat' dir='ltr'><strong>Hinc</strong></span> <span class='ocrx_word' id='word_1_49' title='bbox 473 1435 544 1506; x_wconf 88' lang='lat' dir='ltr'><strong>iter</strong></span> <span class='ocrx_word' id='word_1_50' title='bbox 566 1435 607 1504; x_wconf 91' lang='lat' dir='ltr'><strong>in</strong></span> <span class='ocrx_word' id='word_1_51' title='bbox 629 1436 790 1534; x_wconf 89' lang='lat' dir='ltr'><strong>patriam</strong></span> <span class='ocrx_word' id='word_1_52' title='bbox 813 1463 1013 1510; x_wconf 87' lang='lat' dir='ltr'><strong>nemoroso</strong></span> <span class='ocrx_word' id='word_1_53' title='bbox 1034 1436 1180 1508; x_wconf 85' lang='lat' dir='ltr'><strong>tramite</strong></span> <span class='ocrx_word' id='word_1_54' title='bbox 1205 1433 1351 1528; x_wconf 82' lang='lat' dir='ltr'><strong>villam,</strong></span> <span class='ocrx_word' id='word_1_55' title='bbox 1422 1442 1431 1459; x_wconf 61' lang='lat'>‘</span> 
     </span>
     <span class='ocr_line' id='line_1_9' title="bbox 354 1552 1401 1657; baseline -0.001 -30"><span class='ocrx_word' id='word_1_56' title='bbox 354 1558 474 1657; x_wconf 82' lang='lat' dir='ltr'><strong>Quam</strong></span> <span class='ocrx_word' id='word_1_57' title='bbox 498 1552 555 1626; x_wconf 92' lang='lat' dir='ltr'><strong>sol</strong></span> <span class='ocrx_word' id='word_1_58' title='bbox 579 1580 767 1656; x_wconf 81' lang='lat' dir='ltr'><strong>ptupureo</strong></span> <span class='ocrx_word' id='word_1_59' title='bbox 788 1558 946 1633; x_wconf 82' lang='lat' dir='ltr'><strong>devexus</strong></span> <span class='ocrx_word' id='word_1_60' title='bbox 970 1556 1109 1628; x_wconf 86' lang='lat' dir='ltr'><strong>lumine</strong></span> <span class='ocrx_word' id='word_1_61' title='bbox 1134 1557 1292 1629; x_wconf 86' lang='lat' dir='ltr'><strong>inaurat.</strong></span> <span class='ocrx_word' id='word_1_62' title='bbox 1397 1567 1401 1575; x_wconf 88' lang='lat'><strong><em>‘</em></strong></span> 
     </span>
    </p>

    <p class='ocr_par' dir='ltr' id='par_1_6' title="bbox 252 1676 1554 4555">
     <span class='ocr_line' id='line_1_10' title="bbox 451 1676 1420 1779; baseline -0.002 -31"><span class='ocrx_word' id='word_1_63' title='bbox 451 1678 501 1748; x_wconf 86' lang='lat' dir='ltr'><strong>At</strong></span> <span class='ocrx_word' id='word_1_64' title='bbox 524 1676 631 1779; x_wconf 88' lang='lat' dir='ltr'><strong>pueri</strong></span> <span class='ocrx_word' id='word_1_65' title='bbox 655 1677 818 1773; x_wconf 84' lang='lat' dir='ltr'><strong>interea,</strong></span> <span class='ocrx_word' id='word_1_66' title='bbox 844 1705 939 1778; x_wconf 88' lang='lat' dir='ltr'><strong>quos</strong></span> <span class='ocrx_word' id='word_1_67' title='bbox 965 1705 1042 1750; x_wconf 90' lang='lat' dir='ltr'><strong>non</strong></span> <span class='ocrx_word' id='word_1_68' title='bbox 1066 1677 1227 1750; x_wconf 87' lang='lat' dir='ltr'><strong>retinere</strong></span> <span class='ocrx_word' id='word_1_69' title='bbox 1252 1691 1420 1776; x_wconf 84' lang='lat' dir='ltr'><strong>potestas</strong></span> 
     </span>
     <span class='ocr_line' id='line_1_11' title="bbox 351 1795 1278 1896; baseline -0.005 -26"><span class='ocrx_word' id='word_1_70' title='bbox 351 1797 439 1870; x_wconf 87' lang='lat' dir='ltr'><strong>Ulla</strong></span> <span class='ocrx_word' id='word_1_71' title='bbox 462 1795 548 1886; x_wconf 80' lang='lat' dir='ltr'><strong>fuit,</strong></span> <span class='ocrx_word' id='word_1_72' title='bbox 573 1797 710 1896; x_wconf 86' lang='lat' dir='ltr'><strong>raptim</strong></span> <span class='ocrx_word' id='word_1_73' title='bbox 734 1797 877 1870; x_wconf 85' lang='lat' dir='ltr'><strong>celeres</strong></span> <span class='ocrx_word' id='word_1_74' title='bbox 900 1800 941 1870; x_wconf 87' lang='lat' dir='ltr'><strong>in</strong></span> <span class='ocrx_word' id='word_1_75' title='bbox 965 1814 1066 1871; x_wconf 86' lang='lat' dir='ltr'><strong>tecta</strong></span> <span class='ocrx_word' id='word_1_76' title='bbox 1091 1797 1259 1870; x_wconf 86' lang='lat' dir='ltr'><strong>volarunt</strong></span> <span class='ocrx_word' id='word_1_77' title='bbox 1266 1847 1278 1886; x_wconf 95' lang='lat'><strong>,</strong></span> 
     </span>
     <span class='ocr_line' id='line_1_12' title="bbox 351 1917 1552 2019; baseline -0.005 -27"><span class='ocrx_word' id='word_1_78' title='bbox 351 1921 476 2016; x_wconf 79' lang='lat' dir='ltr'><strong>Aegre</strong></span> <span class='ocrx_word' id='word_1_79' title='bbox 502 1917 662 2017; x_wconf 85' lang='lat' dir='ltr'><strong>animam</strong></span> <span class='ocrx_word' id='word_1_80' title='bbox 684 1943 775 2019; x_wconf 89' lang='lat' dir='ltr'><strong>prae</strong></span> <span class='ocrx_word' id='word_1_81' title='bbox 799 1918 941 1992; x_wconf 85' lang='lat' dir='ltr'><strong>laetitia</strong></span> <span class='ocrx_word' id='word_1_82' title='bbox 967 1941 1150 2016; x_wconf 81' lang='lat' dir='ltr'><strong>cursuque</strong></span> <span class='ocrx_word' id='word_1_83' title='bbox 1175 1917 1386 2005; x_wconf 84' lang='lat' dir='ltr'><strong>trahentes,</strong></span> <span class='ocrx_word' id='word_1_84' title='bbox 1478 1925 1552 1996; x_wconf 85' lang='lat'><strong>165</strong></span> 
     </span>
     <span class='ocr_line' id='line_1_13' title="bbox 352 2037 1267 2139; baseline -0.003 -29"><span class='ocrx_word' id='word_1_85' title='bbox 352 2039 492 2111; x_wconf 84' lang='lat' dir='ltr'><strong>Nuntia</strong></span> <span class='ocrx_word' id='word_1_86' title='bbox 515 2037 678 2110; x_wconf 89' lang='lat' dir='ltr'><strong>laetitiae</strong></span> <span class='ocrx_word' id='word_1_87' title='bbox 701 2040 833 2139; x_wconf 86' lang='lat' dir='ltr'><strong>pubes.</strong></span> <span class='ocrx_word' id='word_1_88' title='bbox 884 2039 997 2113; x_wconf 91' lang='lat' dir='ltr'><strong>Volat</strong></span> <span class='ocrx_word' id='word_1_89' title='bbox 1020 2037 1121 2110; x_wconf 90' lang='lat' dir='ltr'><strong>illico</strong></span> <span class='ocrx_word' id='word_1_90' title='bbox 1147 2037 1267 2129; x_wconf 75' lang='lat' dir='ltr'><strong>fama,</strong></span> 
     </span>
     <span class='ocr_line' id='line_1_14' title="bbox 352 2156 1376 2258; baseline -0.004 -27"><span class='ocrx_word' id='word_1_91' title='bbox 352 2159 412 2232; x_wconf 87' lang='lat' dir='ltr'><strong>Fit</strong></span> <span class='ocrx_word' id='word_1_92' title='bbox 437 2158 577 2231; x_wconf 87' lang='lat' dir='ltr'><strong>elamor</strong></span> <span class='ocrx_word' id='word_1_93' title='bbox 601 2158 709 2232; x_wconf 85' lang='lat' dir='ltr'><strong>tectis</strong></span> <span class='ocrx_word' id='word_1_94' title='bbox 716 2187 730 2253; x_wconf 79' lang='lat'>5</span> <span class='ocrx_word' id='word_1_95' title='bbox 755 2157 894 2231; x_wconf 88' lang='lat' dir='ltr'><strong>Mariae</strong></span> <span class='ocrx_word' id='word_1_96' title='bbox 921 2158 1089 2258; x_wconf 78' lang='lat' dir='ltr'><strong>evulgata</strong></span> <span class='ocrx_word' id='word_1_97' title='bbox 1112 2156 1345 2258; x_wconf 86' lang='lat' dir='ltr'><strong>propinquae</strong></span> <span class='ocrx_word' id='word_1_98' title='bbox 1373 2199 1376 2210; x_wconf 78' lang='lat'>‹</span> 
     </span>
     <span class='ocr_line' id='line_1_15' title="bbox 353 2271 1482 2380; baseline -0.001 -29"><span class='ocrx_word' id='word_1_99' title='bbox 353 2278 515 2359; x_wconf 83' lang='lat' dir='ltr'><strong>Nomina</strong></span> <span class='ocrx_word' id='word_1_100' title='bbox 539 2278 639 2350; x_wconf 88' lang='lat' dir='ltr'><strong>laeta</strong></span> <span class='ocrx_word' id='word_1_101' title='bbox 661 2295 815 2352; x_wconf 77' lang='lat' dir='ltr'><strong>sonant:</strong></span> <span class='ocrx_word' id='word_1_102' title='bbox 842 2281 974 2380; x_wconf 89' lang='lat' dir='ltr'><strong>strepit</strong></span> <span class='ocrx_word' id='word_1_103' title='bbox 998 2277 1118 2353; x_wconf 91' lang='lat' dir='ltr'><strong>omnis</strong></span> <span class='ocrx_word' id='word_1_104' title='bbox 1142 2271 1482 2374; x_wconf 80' lang='lat' dir='ltr'><strong>murmure&#39;pagus.</strong></span> 
     </span>
     <span class='ocr_line' id='line_1_16' title="bbox 254 2396 1404 2495; baseline -0.003 -21"><span class='ocrx_word' id='word_1_105' title='bbox 254 2443 258 2450; x_wconf 93' lang='lat'><em>·</em></span> <span class='ocrx_word' id='word_1_106' title='bbox 353 2400 416 2474; x_wconf 81' lang='lat' dir='ltr'><strong>Ad</strong></span> <span class='ocrx_word' id='word_1_107' title='bbox 441 2400 631 2480; x_wconf 87' lang='lat' dir='ltr'><strong>Deboram</strong></span> <span class='ocrx_word' id='word_1_108' title='bbox 656 2400 820 2495; x_wconf 81' lang='lat' dir='ltr'><strong>Samuel,</strong></span> <span class='ocrx_word' id='word_1_109' title='bbox 847 2398 897 2473; x_wconf 84' lang='lat' dir='ltr'><strong>ad</strong></span> <span class='ocrx_word' id='word_1_110' title='bbox 922 2399 1054 2472; x_wconf 84' lang='lat' dir='ltr'><strong>Sarum</strong></span> <span class='ocrx_word' id='word_1_111' title='bbox 1078 2396 1225 2472; x_wconf 83' lang='lat' dir='ltr'><strong>devolat</strong></span> <span class='ocrx_word' id='word_1_112' title='bbox 1248 2397 1384 2470; x_wconf 84' lang='lat' dir='ltr'><strong>Esther</strong></span> <span class='ocrx_word' id='word_1_113' title='bbox 1390 2433 1404 2493; x_wconf 67' lang='lat'><em>9</em></span> 
     </span>
     <span class='ocr_line' id='line_1_17' title="bbox 252 2517 1553 2620; baseline -0.006 -24"><span class='ocrx_word' id='word_1_114' title='bbox 252 2615 256 2620; x_wconf 84' lang='lat'>.</span> <span class='ocrx_word' id='word_1_115' title='bbox 298 2570 301 2573; x_wconf 93' lang='lat'><em>-</em></span> <span class='ocrx_word' id='word_1_116' title='bbox 356 2520 574 2620; x_wconf 76' lang='lat' dir='ltr'><strong>contiguam</strong></span> <span class='ocrx_word' id='word_1_117' title='bbox 598 2521 788 2597; x_wconf 88' lang='lat' dir='ltr'><strong>Zambrim</strong></span> <span class='ocrx_word' id='word_1_118' title='bbox 812 2521 955 2595; x_wconf 84' lang='lat' dir='ltr'><strong>loribus</strong></span> <span class='ocrx_word' id='word_1_119' title='bbox 983 2520 1154 2593; x_wconf 85' lang='lat' dir='ltr'><strong>Susanna</strong></span> <span class='ocrx_word' id='word_1_120' title='bbox 1177 2517 1354 2612; x_wconf 67' lang='lat' dir='ltr'><strong>vocabat,</strong></span> <span class='ocrx_word' id='word_1_121' title='bbox 1479 2532 1553 2598; x_wconf 87' lang='lat'><strong>170</strong></span> 
     </span>
     <span class='ocr_line' id='line_1_18' title="bbox 353 2635 1503 2744; baseline -0.004 -31"><span class='ocrx_word' id='word_1_122' title='bbox 353 2644 457 2715; x_wconf 83' lang='lat' dir='ltr'><strong>Haec</strong></span> <span class='ocrx_word' id='word_1_123' title='bbox 483 2641 637 2742; x_wconf 89' lang='lat' dir='ltr'><strong>specula</strong></span> <span class='ocrx_word' id='word_1_124' title='bbox 661 2641 807 2744; x_wconf 71' lang='lat' dir='ltr'><strong>erulto</strong></span> <span class='ocrx_word' id='word_1_125' title='bbox 832 2641 1063 2736; x_wconf 82' lang='lat' dir='ltr'><strong>Sulamitim,</strong></span> <span class='ocrx_word' id='word_1_126' title='bbox 1076 2637 1305 2712; x_wconf 29' lang='lat' dir='ltr'><strong>‘haec&#39;laeta</strong></span> <span class='ocrx_word' id='word_1_127' title='bbox 1328 2635 1503 2734; x_wconf 79' lang='lat' dir='ltr'><strong>fenestris</strong></span> 
     </span>
     <span class='ocr_line' id='line_1_19' title="bbox 357 2757 1450 2860; baseline -0.008 -23"><span class='ocrx_word' id='word_1_128' title='bbox 357 2765 432 2837; x_wconf 91' lang='lat' dir='ltr'><strong>Ore</strong></span> <span class='ocrx_word' id='word_1_129' title='bbox 457 2765 791 2837; x_wconf 78' lang='lat' dir='ltr'><strong>exerto-Amarims</strong></span> <span class='ocrx_word' id='word_1_130' title='bbox 816 2764 947 2836; x_wconf 86' lang='lat' dir='ltr'><strong>Jessea</strong></span> <span class='ocrx_word' id='word_1_131' title='bbox 971 2759 1114 2860; x_wconf 88' lang='lat' dir='ltr'><strong>puella,</strong></span> <span class='ocrx_word' id='word_1_132' title='bbox 1142 2757 1313 2849; x_wconf 86' lang='lat' dir='ltr'><strong>sodales,</strong></span> <span class='ocrx_word' id='word_1_133' title='bbox 1370 2781 1375 2789; x_wconf 83' lang='grc'>’</span> <span class='ocrx_word' id='word_1_134' title='bbox 1447 2761 1450 2784; x_wconf 74' lang='lat'>¹</span> 
     </span>
     <span class='ocr_line' id='line_1_20' title="bbox 358 2876 1381 2981; baseline -0.006 -23"><span class='ocrx_word' id='word_1_135' title='bbox 358 2883 501 2958; x_wconf 84' lang='lat' dir='ltr'><strong>Clamat</strong></span> <span class='ocrx_word' id='word_1_136' title='bbox 507 2935 520 2977; x_wconf 87' lang='lat'><strong>,</strong></span> <span class='ocrx_word' id='word_1_137' title='bbox 546 2884 603 2956; x_wconf 83' lang='lat' dir='ltr'><strong>iol</strong></span> <span class='ocrx_word' id='word_1_138' title='bbox 627 2884 802 2958; x_wconf 87' lang='lat' dir='ltr'><strong>reducem</strong></span> <span class='ocrx_word' id='word_1_139' title='bbox 825 2885 902 2981; x_wconf 85' lang='lat' dir='ltr'><strong>jam</strong></span> <span class='ocrx_word' id='word_1_140' title='bbox 923 2881 1078 2956; x_wconf 83' lang='lat' dir='ltr'><strong>nuncius</strong></span> <span class='ocrx_word' id='word_1_141' title='bbox 1104 2878 1198 2952; x_wconf 84' lang='lat' dir='ltr'><strong>alter</strong></span> <span class='ocrx_word' id='word_1_142' title='bbox 1225 2895 1262 2950; x_wconf 88' lang='lat' dir='ltr'><strong>ct</strong></span> <span class='ocrx_word' id='word_1_143' title='bbox 1287 2876 1381 2952; x_wconf 81' lang='lat' dir='ltr'><strong>alter</strong></span> 
     </span>
     <span class='ocr_line' id='line_1_21' title="bbox 356 2997 1320 3097; baseline -0.006 -21"><span class='ocrx_word' id='word_1_144' title='bbox 356 3004 507 3076; x_wconf 87' lang='lat' dir='ltr'><strong>Retulit.</strong></span> <span class='ocrx_word' id='word_1_145' title='bbox 559 3005 728 3076; x_wconf 83' lang='lat' dir='ltr'><strong>Exoritur</strong></span> <span class='ocrx_word' id='word_1_146' title='bbox 753 3003 913 3091; x_wconf 75' lang='lat' dir='ltr'><strong>clausor,</strong></span> <span class='ocrx_word' id='word_1_147' title='bbox 938 3000 1135 3097; x_wconf 83' lang='lat' dir='ltr'><strong>variaeque</strong></span> <span class='ocrx_word' id='word_1_148' title='bbox 1158 2997 1320 3071; x_wconf 84' lang='lat' dir='ltr'><strong>vicissim</strong></span> 
     </span>
     <span class='ocr_line' id='line_1_22' title="bbox 348 3117 1553 3220; baseline -0.012 -19"><span class='ocrx_word' id='word_1_149' title='bbox 348 3123 566 3208; x_wconf 68' lang='lat' dir='ltr'><strong>,Scitantum</strong></span> <span class='ocrx_word' id='word_1_150' title='bbox 588 3149 716 3197; x_wconf 80' lang='lat' dir='ltr'><strong>voces:</strong></span> <span class='ocrx_word' id='word_1_151' title='bbox 743 3121 810 3195; x_wconf 88' lang='lat' dir='ltr'><strong>sed</strong></span> <span class='ocrx_word' id='word_1_152' title='bbox 835 3138 873 3195; x_wconf 90' lang='lat' dir='ltr'><strong>et</strong></span> <span class='ocrx_word' id='word_1_153' title='bbox 897 3121 970 3220; x_wconf 87' lang='lat' dir='ltr'><strong>ipsi</strong></span> <span class='ocrx_word' id='word_1_154' title='bbox 996 3117 1163 3192; x_wconf 89' lang='lat' dir='ltr'><strong>eruribus</strong></span> <span class='ocrx_word' id='word_1_155' title='bbox 1181 3117 1313 3210; x_wconf 88' lang='lat' dir='ltr'><strong>hirtis,</strong></span> <span class='ocrx_word' id='word_1_156' title='bbox 1408 3151 1412 3164; x_wconf 78' lang='lat'>=</span> <span class='ocrx_word' id='word_1_157' title='bbox 1482 3130 1553 3198; x_wconf 84' lang='lat'><strong>175</strong></span> 
     </span>
     <span class='ocr_line' id='line_1_23' title="bbox 293 3235 1331 3344; baseline -0.013 -24"><span class='ocrx_word' id='word_1_158' title='bbox 293 3283 297 3292; x_wconf 94' lang='lat'><em>·</em></span> <span class='ocrx_word' id='word_1_159' title='bbox 358 3245 496 3319; x_wconf 84' lang='lat' dir='ltr'><strong>Audito</strong></span> <span class='ocrx_word' id='word_1_160' title='bbox 521 3245 695 3344; x_wconf 85' lang='lat' dir='ltr'><strong>strepitu,</strong></span> <span class='ocrx_word' id='word_1_161' title='bbox 720 3242 875 3315; x_wconf 87' lang='lat' dir='ltr'><strong>lacubus</strong></span> <span class='ocrx_word' id='word_1_162' title='bbox 902 3240 967 3340; x_wconf 91' lang='lat' dir='ltr'><strong>qui</strong></span> <span class='ocrx_word' id='word_1_163' title='bbox 990 3240 1074 3314; x_wconf 79' lang='lat' dir='ltr'><strong>rina</strong></span> <span class='ocrx_word' id='word_1_164' title='bbox 1097 3235 1331 3338; x_wconf 85' lang='lat' dir='ltr'><strong>premebant,</strong></span> 
     </span>
     <span class='ocr_line' id='line_1_24' title="bbox 360 3357 1372 3462; baseline -0.011 -24"><span class='ocrx_word' id='word_1_165' title='bbox 360 3367 517 3440; x_wconf 91' lang='lat' dir='ltr'><strong>Attoniti</strong></span> <span class='ocrx_word' id='word_1_166' title='bbox 543 3381 709 3453; x_wconf 84' lang='lat' dir='ltr'><strong>cessant,</strong></span> <span class='ocrx_word' id='word_1_167' title='bbox 738 3381 776 3434; x_wconf 91' lang='lat' dir='ltr'><strong>et</strong></span> <span class='ocrx_word' id='word_1_168' title='bbox 803 3388 899 3462; x_wconf 90' lang='lat' dir='ltr'><strong>quae</strong></span> <span class='ocrx_word' id='word_1_169' title='bbox 924 3387 1019 3434; x_wconf 82' lang='lat' dir='ltr'><strong>nova</strong></span> <span class='ocrx_word' id='word_1_170' title='bbox 1044 3357 1178 3458; x_wconf 81' lang='lat' dir='ltr'><strong>gaudia</strong></span> <span class='ocrx_word' id='word_1_171' title='bbox 1199 3371 1372 3456; x_wconf 85' lang='lat' dir='ltr'><strong>poscunt,</strong></span> 
     </span>
     <span class='ocr_line' id='line_1_25' title="bbox 360 3482 1362 3586; baseline -0.012 -26"><span class='ocrx_word' id='word_1_172' title='bbox 360 3487 637 3586; x_wconf 89' lang='lat' dir='ltr'><strong>Prodihantque</strong></span> <span class='ocrx_word' id='word_1_173' title='bbox 663 3487 777 3559; x_wconf 87' lang='lat' dir='ltr'><strong>rubro</strong></span> <span class='ocrx_word' id='word_1_174' title='bbox 803 3482 943 3585; x_wconf 79' lang='lat' dir='ltr'><strong>depicti</strong></span> <span class='ocrx_word' id='word_1_175' title='bbox 969 3505 1128 3581; x_wconf 85' lang='lat' dir='ltr'><strong>corpora</strong></span> <span class='ocrx_word' id='word_1_176' title='bbox 1152 3494 1283 3552; x_wconf 86' lang='lat' dir='ltr'><strong>musto.</strong></span> <span class='ocrx_word' id='word_1_177' title='bbox 1358 3515 1362 3525; x_wconf 79' lang='lat'>=</span> 
     </span>
     <span class='ocr_line' id='line_1_26' title="bbox 360 3596 1411 3707; baseline -0.016 -24"><span class='ocrx_word' id='word_1_178' title='bbox 360 3609 515 3707; x_wconf 81' lang='lat' dir='ltr'><strong>Jamque</strong></span> <span class='ocrx_word' id='word_1_179' title='bbox 543 3609 614 3679; x_wconf 89' lang='lat' dir='ltr'><strong>iter</strong></span> <span class='ocrx_word' id='word_1_180' title='bbox 635 3608 852 3681; x_wconf 58' lang='lat' dir='ltr'><strong>&lt;accelerans</strong></span> <span class='ocrx_word' id='word_1_181' title='bbox 876 3616 1114 3705; x_wconf 87' lang='lat' dir='ltr'><strong>processerat</strong></span> <span class='ocrx_word' id='word_1_182' title='bbox 1138 3599 1247 3672; x_wconf 82' lang='lat' dir='ltr'><strong>obvia</strong></span> <span class='ocrx_word' id='word_1_183' title='bbox 1271 3596 1411 3696; x_wconf 89' lang='lat' dir='ltr'><strong>eampis</strong></span> 
     </span>
     <span class='ocr_line' id='line_1_27' title="bbox 362 3717 1553 3821; baseline -0.013 -20"><span class='ocrx_word' id='word_1_184' title='bbox 362 3730 545 3821; x_wconf 77' lang='lat' dir='ltr'><strong>Susanna,</strong></span> <span class='ocrx_word' id='word_1_185' title='bbox 571 3728 656 3800; x_wconf 88' lang='lat' dir='ltr'><strong>huic</strong></span> <span class='ocrx_word' id='word_1_186' title='bbox 677 3726 803 3802; x_wconf 89' lang='lat' dir='ltr'><strong>Judith</strong></span> <span class='ocrx_word' id='word_1_187' title='bbox 830 3749 955 3798; x_wconf 91' lang='lat' dir='ltr'><strong>comcs</strong></span> <span class='ocrx_word' id='word_1_188' title='bbox 980 3722 1070 3812; x_wconf 85' lang='lat' dir='ltr'><strong>ibat,</strong></span> <span class='ocrx_word' id='word_1_189' title='bbox 1095 3719 1327 3821; x_wconf 82' lang='lat' dir='ltr'><strong>pulchraque</strong></span> <span class='ocrx_word' id='word_1_190' title='bbox 1339 3717 1452 3790; x_wconf 84' lang='lat' dir='ltr'><strong>Elisa.</strong></span> <span class='ocrx_word' id='word_1_191' title='bbox 1482 3729 1553 3800; x_wconf 82' lang='lat'><strong>180</strong></span> 
     </span>
     <span class='ocr_line' id='line_1_28' title="bbox 362 3838 1511 3949; baseline -0.013 -24"><span class='ocrx_word' id='word_1_192' title='bbox 362 3853 444 3925; x_wconf 87' lang='lat' dir='ltr'><strong>Nec</strong></span> <span class='ocrx_word' id='word_1_193' title='bbox 469 3851 620 3949; x_wconf 81' lang='lat' dir='ltr'><strong>longum</strong></span> <span class='ocrx_word' id='word_1_194' title='bbox 643 3849 683 3919; x_wconf 89' lang='lat' dir='ltr'><strong>in</strong></span> <span class='ocrx_word' id='word_1_195' title='bbox 707 3846 831 3923; x_wconf 88' lang='lat' dir='ltr'><strong>medio</strong></span> <span class='ocrx_word' id='word_1_196' title='bbox 855 3859 1023 3946; x_wconf 88' lang='lat' dir='ltr'><strong>tempus,</strong></span> <span class='ocrx_word' id='word_1_197' title='bbox 1051 3867 1134 3914; x_wconf 91' lang='lat' dir='ltr'><strong>cum</strong></span> <span class='ocrx_word' id='word_1_198' title='bbox 1157 3840 1236 3914; x_wconf 80' lang='lat' dir='ltr'><strong>risa</strong></span> <span class='ocrx_word' id='word_1_199' title='bbox 1259 3865 1328 3939; x_wconf 88' lang='lat' dir='ltr'><strong>per</strong></span> <span class='ocrx_word' id='word_1_200' title='bbox 1352 3838 1471 3912; x_wconf 89' lang='lat' dir='ltr'><strong>ulmos</strong></span> <span class='ocrx_word' id='word_1_201' title='bbox 1508 3913 1511 3922; x_wconf 78' lang='grc'><em>,</em></span> 
     </span>
     <span class='ocr_line' id='line_1_29' title="bbox 363 3958 1332 4070; baseline -0.017 -22"><span class='ocrx_word' id='word_1_202' title='bbox 363 3976 508 4070; x_wconf 83' lang='lat' dir='ltr'><strong>Perque</strong></span> <span class='ocrx_word' id='word_1_203' title='bbox 532 3969 688 4063; x_wconf 87' lang='lat' dir='ltr'><strong>humiles</strong></span> <span class='ocrx_word' id='word_1_204' title='bbox 712 3969 803 4041; x_wconf 82' lang='lat' dir='ltr'><strong>vites</strong></span> <span class='ocrx_word' id='word_1_205' title='bbox 827 3967 990 4040; x_wconf 87' lang='lat' dir='ltr'><strong>herboso</strong></span> <span class='ocrx_word' id='word_1_206' title='bbox 1016 3961 1190 4038; x_wconf 84' lang='lat' dir='ltr'><strong>incedere</strong></span> <span class='ocrx_word' id='word_1_207' title='bbox 1204 3958 1332 4051; x_wconf 82' lang='lat' dir='ltr'><strong>cliro,</strong></span> 
     </span>
     <span class='ocr_line' id='line_1_30' title="bbox 271 4088 1280 4192; baseline -0.013 -27"><span class='ocrx_word' id='word_1_208' title='bbox 271 4189 274 4192; x_wconf 7' lang='grc' dir='ltr'><strong><em>ἦ</em></strong></span> <span class='ocrx_word' id='word_1_209' title='bbox 364 4092 568 4173; x_wconf 88' lang='lat' dir='ltr'><strong>Pomiferos</strong></span> <span class='ocrx_word' id='word_1_210' title='bbox 593 4090 690 4162; x_wconf 87' lang='lat' dir='ltr'><strong>inter</strong></span> <span class='ocrx_word' id='word_1_211' title='bbox 713 4088 911 4189; x_wconf 82' lang='lat' dir='ltr'><strong>peregrina</strong></span> <span class='ocrx_word' id='word_1_212' title='bbox 935 4089 1122 4185; x_wconf 84' lang='lat' dir='ltr'><strong>Puerpera</strong></span> <span class='ocrx_word' id='word_1_213' title='bbox 1145 4103 1280 4156; x_wconf 86' lang='lat' dir='ltr'><strong>ramos.</strong></span> 
     </span>
     <span class='ocr_line' id='line_1_31' title="bbox 364 4198 1332 4313; baseline -0.02 -25"><span class='ocrx_word' id='word_1_214' title='bbox 364 4217 557 4313; x_wconf 80' lang='lat' dir='ltr'><strong>Agnovere</strong></span> <span class='ocrx_word' id='word_1_215' title='bbox 582 4209 715 4310; x_wconf 88' lang='lat' dir='ltr'><strong>procul</strong></span> <span class='ocrx_word' id='word_1_216' title='bbox 737 4227 878 4300; x_wconf 82' lang='lat' dir='ltr'><strong>vestes,</strong></span> <span class='ocrx_word' id='word_1_217' title='bbox 902 4206 1151 4302; x_wconf 88' lang='lat' dir='ltr'><strong>lacrimasque</strong></span> <span class='ocrx_word' id='word_1_218' title='bbox 1176 4198 1332 4300; x_wconf 76' lang='lat' dir='ltr'><strong>dedere:</strong></span> 
     </span>
     <span class='ocr_line' id='line_1_32' title="bbox 365 4319 1554 4432; baseline -0.011 -28"><span class='ocrx_word' id='word_1_219' title='bbox 365 4335 451 4414; x_wconf 87' lang='lat' dir='ltr'><strong>Mox</strong></span> <span class='ocrx_word' id='word_1_220' title='bbox 474 4332 642 4432; x_wconf 90' lang='lat' dir='ltr'><strong>plausum</strong></span> <span class='ocrx_word' id='word_1_221' title='bbox 667 4329 854 4429; x_wconf 80' lang='lat' dir='ltr'><strong>ingentem</strong></span> <span class='ocrx_word' id='word_1_222' title='bbox 877 4326 1022 4415; x_wconf 89' lang='lat' dir='ltr'><strong>tollunt,</strong></span> <span class='ocrx_word' id='word_1_223' title='bbox 1048 4349 1120 4424; x_wconf 90' lang='lat' dir='ltr'><strong>quo</strong></span> <span class='ocrx_word' id='word_1_224' title='bbox 1138 4338 1315 4422; x_wconf 86' lang='lat' dir='ltr'><strong>personat</strong></span> <span class='ocrx_word' id='word_1_225' title='bbox 1330 4319 1457 4422; x_wconf 79' lang='lat' dir='ltr'><strong>aether</strong></span> <span class='ocrx_word' id='word_1_226' title='bbox 1483 4331 1554 4400; x_wconf 86' lang='lat'><strong>185</strong></span> 
     </span>
     <span class='ocr_line' id='line_1_33' title="bbox 366 4439 1229 4555; baseline -0.013 -28"><span class='ocrx_word' id='word_1_227' title='bbox 366 4458 414 4536; x_wconf 83' lang='lat' dir='ltr'><strong>Et</strong></span> <span class='ocrx_word' id='word_1_228' title='bbox 438 4450 663 4555; x_wconf 86' lang='lat' dir='ltr'><strong>circumjecti</strong></span> <span class='ocrx_word' id='word_1_229' title='bbox 688 4449 803 4530; x_wconf 87' lang='lat' dir='ltr'><strong>eolles</strong></span> <span class='ocrx_word' id='word_1_230' title='bbox 827 4448 1014 4549; x_wconf 82' lang='lat' dir='ltr'><strong>vallesque</strong></span> <span class='ocrx_word' id='word_1_231' title='bbox 1039 4439 1229 4522; x_wconf 85' lang='lat' dir='ltr'><strong>resultant.</strong></span> 
     </span>
    </p>
   </div>
   <div class='ocr_carea' id='block_1_6' title="bbox 368 4626 954 4694">
    <p class='ocr_par' dir='ltr' id='par_1_7' title="bbox 368 4626 954 4694">
     <span class='ocr_line' id='line_1_34' title="bbox 368 4626 954 4694; baseline -0.02 -7"><span class='ocrx_word' id='word_1_232' title='bbox 368 4631 404 4687; x_wconf 75' lang='lat' dir='ltr'><strong>Y·</strong></span> <span class='ocrx_word' id='word_1_233' title='bbox 417 4634 476 4692; x_wconf 68' lang='lat'><strong>172.</strong></span> <span class='ocrx_word' id='word_1_234' title='bbox 490 4635 617 4684; x_wconf 69' lang='lat' dir='ltr'><strong>sesses</strong></span> <span class='ocrx_word' id='word_1_235' title='bbox 633 4631 769 4694; x_wconf 74' lang='lat' dir='ltr'><strong>puello.</strong></span> <span class='ocrx_word' id='word_1_236' title='bbox 788 4626 831 4680; x_wconf 79' lang='lat' dir='ltr'><strong>Gi.</strong></span> <span class='ocrx_word' id='word_1_237' title='bbox 850 4628 873 4694; x_wconf 89' lang='lat'><strong>1,</strong></span> <span class='ocrx_word' id='word_1_238' title='bbox 892 4629 954 4684; x_wconf 70' lang='lat' dir='ltr'><strong>aas.</strong></span> 
     </span>
    </p>
   </div>
   <div class='ocr_carea' id='block_1_7' title="bbox 0 0 1842 5667">
    <p class='ocr_par' dir='ltr' id='par_1_8' title="bbox 0 0 1842 5667">
     <span class='ocr_line' id='line_1_35' title="bbox 0 0 1842 5667; baseline 0 0"><span class='ocrx_word' id='word_1_239' title='bbox 0 0 1842 5667; x_wconf 95' lang='lat' dir='ltr'><strong> </strong></span> 
     </span>
    </p>
   </div>
  </div>
 </body>
</html>
