3634 5667
337 422 499 569 ato'.
660 579 663 591 Ι
741 474 1125 550 nrnnnvnr.

336 673 463 749 Patria
485 672 526 745 in
550 695 637 746 arra
651 668 787 763 redux,
811 671 1037 746 Phoenicum
1063 673 1228 770 constitit
1251 674 1366 771 arrisj

336 794 512 868 Nondum
537 790 756 863 excantandi
778 790 869 864 ritus
889 794 1110 897 penitusque
1135 795 1317 874 nefandas

335 914 500 989 Edoctus
524 913 651 1013 leges,
678 910 843 985 nondum
865 916 1057 1013 penetrale
1083 916 1151 990 sub
1174 917 1288 989 imum
1407 1012 1409 1017 ,

338 1036 509 1109 Carmina
533 1034 633 1109 ferre
658 1048 814 1134 potens,
840 1035 998 1109 necdum
1025 1036 1099 1109 alte
1123 1037 1284 1113 imbutus
1307 1038 1473 1118 Averno.

335 1159 406 1232 Ast
428 1157 505 1229 illic
528 1156 622 1227 miro
648 1135 848 1228 succensus
874 1181 999 1229 amore
1023 1157 1183 1258 puellae,
1480 1174 1530 1241 30

338 1279 421 1379 Qua
445 1304 520 1349 non
547 1274 710 1371 Sidoniis
735 1273 805 1346 luit
829 1275 946 1349 altera
969 1278 1159 1377 pulchrior
1184 1278 1273 1370 oric,

333 1399 416 1472 Nec
440 1397 534 1469 telas
559 1395 760 1496 depingere
785 1420 856 1469 acu
880 1398 1052 1471 solertior
1075 1399 1173 1470 inter

259 1603 263 1610 ¹
333 1519 579 1607 Phoenissae,
605 1517 706 1590 lama
731 1518 933 1596 antealias
960 1518 1203 1592 celeberrima
1228 1519 1394 1615 cantri13

332 1639 398 1712 Nil
422 1640 641 1713 intentatum
665 1639 837 1733 demens,
862 1639 917 1711 nil
940 1639 1048 1739 liquit
1069 1641 1250 1731 inausum,

335 1758 453 1860 Siqua
476 1762 534 1834 via
557 1760 689 1835 insano
714 1758 933 1834 succederet
956 1761 1126 1861 improba
1148 1779 1248 1843 voto.
1481 1774 1527 1842 35

334 1878 453 1980 (Quid
477 1908 554 1954 non
577 1907 712 1956 coecus
737 1908 842 1955 amor
867 1878 1011 1981 cogitl)
1038 1870 1470 1983 Nequissimus‘hospes,

334 2002 418 2101 Quo
445 2002 591 2075 demum
614 2004 730 2103 Tyria
753 2020 866 2101 quent
888 2002 982 2073 urbe
1007 2001 1213 2075 abducerer
1239 2026 1323 2077 sese

333 2124 458 2222 Atque
482 2124 603 2223 ipsam
628 2141 666 2196 et
690 2122 859 2196 sobolem
883 2140 1073 2197 venturam
1097 2125 1192 2196 vovit
1216 2127 1377 2216 Aterno,

331 2243 450 2342 Inque
475 2245 592 2317 vicem
616 2244 779 2343 magicas
805 2243 951 2345 accepit
974 2241 1135 2345 perfidus
1161 2260 1274 2335 artes,

335 2362 448 2461 Queis
468 2364 585 2437 fretus
610 2364 759 2437 tandem
784 2364 1007 2465 intempesta
1029 2382 1139 2437 nocte
1166 2364 1328 2438 Selenen
1477 2376 1526 2453 to

334 2482 499 2583 (Pallicis
526 2486 566 2558 id
590 2511 725 2559 nomen
750 2484 889 2585 fuerat)
916 2485 999 2557 tulit
1023 2493 1109 2557 ae're
1134 2485 1289 2584 praedo.

332 2605 404 2678 Hic
430 2624 512 2679 erat
535 2606 599 2678 ille
623 2606 737 2679 Erebi
760 2604 912 2695 vindex,
939 2629 1050 2705 quem
1072 2605 1283 2706 Belphegor
1306 2605 1395 2679 olim

335 2724 601 2800 successorem
625 2728 730 2801 oneri
752 2745 789 2802 et
810 2727 938 2828 stygiis
963 2726 1185 2827 promiserat
1209 2727 1333 2818 armis,

334 2844 377 2917 si
401 2846 479 2922 fors
507 2867 637 2923 eventu
663 2852 863 2955 cessissent
886 2847 987 2921 bella
1011 2845 1173 2919 sinistro.

331 2966 427 3040 Huic
451 2994 535 3068 spes
552 2971 719 3063 innixae,
744 2974 829 3045 huic
853 2995 977 3043 rernm
1001 2992 1099 3040 nnnc
1126 2965 1267 3040 credita
1292 2994 1446 3047 summa.
1477 2979 1523 3057 45

333 3088 434 3186 Ergo
459 3089 570 3161 urbes
595 3093 735 3191 passim
760 3091 917 3194 spectris
943 3105 1054 3187 atque
1080 3087 1218 3188 oppida
1242 3087 1387 3163 Idumas
1426 3123 1427 3126 ¹

331 3207 515 3307 lmplcbat
538 3213 660 3309 miris3
687 3231 764 3287 tum
787 3213 907 3314 primo
932 3212 972 3282 in
995 3210 1087 3281 ssore
1111 3210 1279 3307 juventae

332 3328 507 3404 Mentitus
533 3335 692 3426 senium,
724 3333 897 3407 mentitus
924 3330 1059 3404 vertice
1085 3355 1199 3402 canos

332 3451 594 3553 Rugosamque
620 3473 761 3537 cutemt
787 3457 884 3530 visus
909 3476 1022 3553 saepe
1048 3451 1198 3525 aethere
1223 3450 1316 3529 ferri

332 3571 503 3649 Obscuro
529 3578 691 3651 invectus
716 3578 867 3667 nimbo,
892 3572 1062 3673 nigrique
1088 3571 1224 3645 caballi
1477 3586 1522 3653 50

331 3692 454 3791 Terga
473 3722 646 3796 premens
654 3725 666 3792 3
692 3698 788 3773 risus
813 3696 1014 3775 Jordanem
1044 3711 1185 3775 vertere
1209 3710 1312 3774 retro

332 3954 369 4007 v.
387 3957 430 4008 au
465 3958 681 4014 Phoenicum
698 3965 717 4015 t.
727 3978 753 4015 e.
770 3965 924 4033 incolarum
933 3962 1098 4016 Phoenicius
1106 3956 1293 4031 (Phoenices),
1305 3959 1425 4025 regionis
1434 3961 1520 4011 Asino

469 4051 543 4103 inter
560 4053 671 4117 syriam
688 4060 717 4106 et
733 4056 926 4109 Palaestinam.

333 4162 368 4212 V.
387 4163 431 4216 tt.
467 4167 636 4218 Avernus.
652 4166 700 4236 ΙΙΙ,
719 4171 763 4220 60.

331 4271 367 4325 V.
386 4278 430 4328 at.
466 4278 571 4358 Sidon
589 4282 687 4340 (hodie
706 4284 808 4343 saida)
833 4286 899 4335 urbs
917 4285 1081 4337 Phoenicius
1108 4254 1261 4335 clarissima
1283 4284 1319 4334 ad
1341 4294 1418 4339 nara
1436 4280 1522 4329 rnedi-

470 4373 636 4424 terraneum.
672 4375 782 4439 Joseph.
799 4380 908 4444 antiqq.
931 4380 956 4446 1,
974 4382 1000 4431 6.
1020 4383 1046 4430 2.

332 4482 368 4532 V.
388 4484 431 4541 tt,
466 4484 538 4535 nuit.
557 4487 657 4541 venet.
673 4504 725 4555 pro
742 4494 883 4559 accepit
899 4493 1058 4558 pertidus
1076 4491 1159 4555 legit:
1177 4490 1206 4549 in
1223 4490 1315 4547 ‹loten
1330 4492 1486 4557 acceperet.

334 4584 370 4637 V.
387 4587 432 4641 tt.
467 4588 672 4661 notnuagor.
690 4595 738 4663 111,
756 4598 800 4657 ⁷2,
