3634 5667
674 596 1034 684 LIBERVII.

266 803 374 894 Haeo
396 797 471 874 rati
494 812 679 899 responsa
703 794 807 869 dedit
828 795 985 868 latrator
1009 792 1174 867 Anubis!

271 926 352 999 Vae
378 918 538 1014 miseris,
565 916 660 991 duro
685 942 781 1017 quos
805 915 915 989 bello
935 915 1141 1014 asperrima
1156 912 1260 1013 virgo
1349 988 1353 1004 ,

266 1047 440 1118 Nazarea
464 1039 510 1111 de
535 1056 646 1138 gente
669 1037 813 1140 (nefas)
840 1039 910 1113 sub
935 1052 1077 1112 tartara
1100 1035 1230 1109 mittit!

269 1166 354 1238 Vae
380 1161 450 1235 diis
475 1160 680 1261 noctivagis
707 1162 806 1234 ausis
831 1162 933 1235 ferre
958 1186 1062 1233 arma
1086 1156 1156 1231 sub
1183 1157 1308 1230 axem!

269 1284 390 1358 Causa
413 1280 503 1354 mali
526 1282 621 1354 tanti
644 1280 826 1356 demissus
853 1282 900 1355 ab
929 1283 1080 1355 aethere
1105 1304 1242 1379 magno
1398 1288 1470 1369 145

265 1412 309 1480 In
332 1424 454 1481 terras
479 1407 589 1482 Puer.
638 1404 690 1475 At
712 1421 845 1477 eontra
868 1428 939 1504 pro
964 1401 1100 1476 talibus
1129 1400 1225 1472 ultor

269 1524 504 1600 Mox'aderit
527 1523 670 1623 juvenis
696 1524 893 1597 Samarita.
944 1524 1010 1595 Ille
1037 1547 1159 1621 aequa
1183 1520 1354 1622 superbis

268 1648 409 1749 (Spero
435 1642 627 1744 equidem)
652 1646 797 1745 superis
822 1646 963 1717 referet
974 1670 989 1741 3¹
1023 1670 1120 1719 nova
1144 1643 1318 1743 bellaque
1341 1642 1474 1719 vindex

222 1776 227 1787 “
264 1768 409 1858 Exeiet,
434 1783 472 1838 et
489 1790 632 1865 poenes
659 1790 770 1839 eaesa
792 1768 868 1841 ,sibi
895 1769 1036 1868 virgine
1061 1782 1208 1869 poscet·

266 1888 375 1960 Talia
398 1884 573 1985 vulgabat
596 1885 745 1985 populis
769 1890 923 1961 oracula
949 1890 1075 1977 Jonas,
1398 1898 1471 1968 150

264 2008 562 2105 Pendebantque
588 2006 735 2097 animis,
761 2010 891 2109 eequis
918 2006 1159 2101 Samaritieus
1185 2002 1256 2077 iste

263 2134 424 2202 Laturus
447 2129 553 2201 triste
579 2126 740 2217 exitium,
767 2155 864 2228 quae
889 2130 1041 2205 victima
1067 2130 1173 2227 virgo

267 2248 404 2322 Danda
427 2248 525 2337 nesi,
551 2272 647 2345 quae
673 2247 755 2321 dira
779 2249 860 2322 lues
885 2248 1101 2351 impendeat
1126 2244 1233 2321 arvis.

264 2374 466 2441 Praeterea
487 2367 558 2439 fuit
581 2368 621 2438 in
644 2368 781 2440 Libani
803 2371 1036 2444 convallibus
1059 2368 1145 2441 imis

266 2490 436 2562 Armemi
461 2503 600 2562 eustos.
649 2488 746 2561 Huic
771 2489 993 2590 improvisus
1020 2489 1067 2563 ab
1095 2488 1172 2560 alte
1402 2499 1474 2568 155

263 2600 452 2683 Fatidicus
477 2609 594 2681 menti
619 2608 726 2682 furor
750 2610 903 2705 ineidit;
930 2584 1014 2712 ipse
1038 2635 1108 2711 per
1135 2630 1284 2680 omnem

264 2731 362 2802 Mira
381 2729 630 2801 Palaestinam
654 2747 809 2804 ventura
832 2733 1023 2806 horrenda
1048 2728 1221 2806 canebat·

262 2854 312 2922 Et
338 2850 522 2923 Samarim
548 2848 663 2949 digito
689 2853 915 2931 ostendens!
942 2878 1024 2943 rae,
1050 2848 1194 2950 perfida
1218 2846 1359 2947 pellex!

262 2971 346 3043 Vae
369 2970 450 3062 tibi,
474 2998 542 3047 vae
565 2971 750 3072 Babylon,
776 2974 950 3053 scelerati
975 2972 1134 3045 numinis
1159 2971 1318 3070 hospes!
1394 3020 1400 3031 -

263 3092 346 3163 Vae
373 3092 579 3168 Galaaditis
606 3096 772 3196 sponsis!
798 3095 879 3168 Nee
903 3094 1031 3195 plura:
1058 3091 1126 3165 sed
1151 3118 1281 3165 omnes
1402 3106 1474 3175 160

261 3214 349 3311 lpse
375 3214 486 3285 etiam
510 3215 709 3316 indigenas
734 3217 900 3290 terrebat
927 3235 964 3289 et
989 3213 1129 3317 oppida
1154 3230 1270 3291 vates.

261 3334 345 3404 Nee
368 3333 470 3405 satis.
522 3341 565 3408 In
592 3338 734 3411 somnis
761 3338 824 3411 alii
850 3363 1002 3438 quoque
1027 3354 1141 3410 noete
1166 3334 1292 3407 silenti

260 3454 366 3525 Haee
392 3455 521 3527 eadem
543 3458 676 3529 moniti
700 3459 841 3558 passim
861 3474 1016 3531 ventura
1041 3456 1226 3546 ferebant,

259 3578 380 3675 Inque
403 3579 485 3651 Deo
512 3580 632 3650 Puero
659 3604 840 3679 spemque
865 3576 1117 3679 effugiumque
1142 3574 1333 3652 locabant.

258 3783 294 3835 v.
316 3786 378 3839 141.
398 3786 557 3856 Anubis,
580 3789 658 3841 neus
674 3788 894 3859 Aegyptiorum,
921 3788 1002 3843 vultu
1020 3786 1117 3840 canino
1135 3784 1277 3851 praeditus
1294 3778 1471 3835 florizontem

402 3884 648 3951 repraesentabat,
685 3886 758 3948 quod
785 3886 814 3934 et
831 3882 947 3935 orientis
965 3888 994 3933 et
1012 3880 1162 3934 occidentis
1179 3877 1247 3931 solis
1267 3879 1360 3926 eustos
1384 3874 1471 3940 finge·

403 3970 495 4038 batur,
514 3986 596 4039 qnam
614 3976 649 4027 ob
666 3988 726 4028 rem
750 3987 769 4027 e
792 3975 913 4041 Virgilio
942 3978 1025 4045 (Aen,
1045 3975 1071 4028 8.
1090 3972 1156 4034 098)
1173 3971 1338 4024 latrator
1358 3966 1469 4041 dieitur.

403 4046 462 4113 err.
480 4062 628 4117 rationale
647 4067 676 4119 tn
696 4069 818 4120 rantneo
838 4070 947 4133 aem.
967 4073 994 4137 s,
1014 4069 1040 4121 1.

258 4150 295 4201 V.
316 4153 378 4205 147.
399 4154 593 4209 samarita
606 4155 763 4224 juvenis.
783 4157 842 4209 cn.
860 4158 1001 4225 V111,.1s.

257 4243 293 4293 V.
315 4246 377 4296 leo.
396 4245 469 4296 Edit.
488 4248 616 4303 Venetae
636 4252 715 4304 Talia
729 4252 864 4303 narrabat
880 4251 1006 4316 vulgata.

257 4334 294 4386 v.
316 4339 377 4389 154.
397 4339 573 4394 urbanus.
591 4344 628 4412 v,
648 4347 692 4397 tt.

256 4426 293 4477 V.
314 4430 366 4481 108
386 4430 554 4485 sanaris
570 4436 590 4486 i.
610 4451 636 4500 q.
655 4438 784 4489 Samaria
809 4434 933 4502 (Joseph.
953 4434 1017 4486 bell.
1035 4429 1095 4499 jud.
1115 4434 1141 4499 0,
1162 4434 1186 4484 a
1209 4426 1248 4498 1),
1267 4426 1327 4480 cfr.
1353 4424 1402 4491 111>
1420 4425 1465 4476 4⁷·

258 4517 295 4570 V.
315 4523 378 4574 1³⁹.
398 4525 573 4589 Babylon.
610 4528 658 4595 ΠΙ,
678 4533 722 4583 73.
740 4530 791 4597 vl,
811 4531 873 4581 88⁰.

257 4608 292 4662 V.
313 4615 375 4666 100.
395 4616 532 4670 calaad
558 4618 681 4686 (Gilead)
706 4621 852 4688 provintia
877 4625 956 4673 tram
980 4619 1128 4673 terdenam
1154 4614 1200 4683 (ss,
1228 4609 1303 4676 tei).
1329 4608 1386 4664 cfr.
1404 4608 1465 4661 Jos·

401 4708 510 4774 antiqq.
532 4712 575 4779 ta,
595 4714 639 4766 14.
660 4714 688 4765 1.
