3634 5667
334 514 380 582 53
697 497 1111 599 ·sraentn

329 693 504 767 Turbatis
530 692 660 767 eastris
685 693 907 793 geminoque
931 692 979 763 in
995 709 1122 766 monte
1150 713 1317 772 catervas

335 813 553 889 Ostendant.
606 811 717 886 Stetit
735 812 800 884 illa
819 811 921 910 gravi
944 811 1192 914 imperterrita
1214 818 1314 892 vultu

309 936 438 1007 nunc
463 935 549 1024 hos,
574 959 672 1008 nune
696 933 781 1008 illos
807 956 936 1005 averso
961 931 1098 1008 lumine
1122 937 1305 1012 lustrans=
1448 952 1523 1034 455

327 1058 402 1144 „Et
429 1079 524 1152 quae
549 1082 632 1145 vos,
657 1054 796 1152 inquit,
822 1052 955 1126 mentis
978 1044 1128 1129 vesania
1154 1083 1288 1134 coecas
1349 1124 1354 1142 ,

326 1178 399 1264 „ln
423 1173 539 1246 furias
566 1175 662 1274 agit,
688 1201 711 1247 ο
737 1171 892 1246 miseri?
917 1175 999 1246 Hos
1026 1194 1123 1266 erat,
1148 1178 1305 1253 hoccine
1329 1177 1498 1254 bellum?

325 1298 436 1384 „Huc
461 1293 582 1376 socias
605 1295 753 1367 tulimus
774 1290 896 1368 vires?
920 1293 1013 1366 haec
1039 1296 1194 1371 foedera
1218 1298 1365 1402 nuper?
1443 1399 1445 1404 ι

327 1416 458 1506 „Haec
482 1417 603 1516 jurata
627 1413 747 1489 fides?
772 1416 812 1487 in
836 1439 905 1512 nos
933 1414 1159 1492 condiximus
1186 1419 1316 1493 arma?
1400 1432 1403 1438 “

324 1533 547 1635 „Plagiferi,
573 1535 731 1611 ambusti
755 1553 896 1626 torres,
920 1560 989 1636 per
1015 1540 1165 1612 numina
1189 1541 1284 1613 Ditis
1446 1549 1527 1644 460„

217 1692 227 1742 t
322 1655 556 1746 „Horrendi,
581 1655 842 1757 infernumque
869 1655 1011 1768 Gbagn,
1038 1659 1273 1758 discordibus
1299 1659 1396 1734 ultro
1626 1635 1627 1653 ἵ

325 1775 513 1866 „Exitium
538 1801 732 1848 commune
758 1775 854 1849 fero.
905 1778 1120 1853 concurrite
1145 1783 1355 1882 utrinque,¹

297 1958 300 1962 s
324 1897 516 1996 „Pergite,
542 1895 597 1968 io!
625 1893 739 1967 sedeo
765 1899 984 1996 spectatrix,
1009 1901 1119 1974 tertia
1143 1903 1304 2003 Erinnys

323 2020 406 2107 „Ex
432 2041 552 2115 aequo
578 2014 756 2089 ambobus
779 2016 924 2102 cladem
948 2018 1126 2114 allatura,
1151 2023 1321 2114 scelesti,'

228 2152 259 2163 ·
319 2135 499 2226 nViribus
523 2161 598 2208 una
622 2136 714 2209 meis
738 2161 808 2236 par
831 2137 973 2211 bello.“
1019 2143 1087 2216 His
1112 2143 1242 2216 territa
1267 2141 1376 2215 dietis
1446 2148 1519 2228 665

323 2256 544 2356 Lucisugum
568 2281 673 2328 mens
698 2281 823 2330 versas
851 2259 981 2341 animis
1007 2263 1201 2350 subsidere
1226 2263 1363 2358 sensim

322 2381 465 2450 Irarum
489 2377 640 2450 fluctus:
666 2378 817 2450 summis
846 2404 867 2449 e
892 2381 1045 2481 rupibus
1072 2384 1158 2474 acti,

318 2497 479 2573 'Visendi
504 2497 645 2588 studio,
670 2497 789 2570 Babel
814 2514 851 2570 et
874 2501 988 2572 Mabo
1013 2501 1202 2592 bicornisf
1253 2565 1299 2615 „X

321 2622 371 2692 Et
392 2622 539 2692 Faunus
566 2617 694 2690 Simiel
719 2620 1075 2722 Onocentaurusque
1101 2616 1345 2814 ΜοΙοιόΙιιιῂι

1347 2764 1416 2812 em·
1445 2748 1519 2827 tto

322 2743 446 2840 Atque
471 2740 535 2815 alii
559 2739 742 2811 innumeri
774 2740 814 2814 in
838 2742 998 2816 mediam
1024 2741 1251 2818 descendere
1273 2769 1294 2815 v

321 2860 470 2933 Mallius
496 2861 561 2933 illa
585 2860 729 2932 animos
752 2862 875 2936 verbis
900 2863 1018 2936 lenire
1044 2864 1204 2951 feroces,
1237 2855 1241 2864 ’
1282 2857 1285 2875 '

322 2980 547 3079 Hortarique
574 3005 723 3069 omnes,
751 2979 838 3054 dum
862 3001 1027 3084 tempus,
1062 2981 1147 3052 dum
1172 2881 1298 3072 vaca),
1323 2998 1359 3053 et
1383 3003 1445 3052 res

320 3105 469 3201 Integra
484 3101 617 3189 adhue,
635 3124 882 3199 numerusque
894 3120 1035 3192 auctus,
1056 3127 1161 3202 spem
1177 3126 1316 3200 ponere
1331 3103 1370 3173 in
1387 3101 1519 3178 armis:

320 3222 599 3319 Arbitriumque
626 3219 697 3291 sibi
721 3223 865 3317 poscit,
892 3249 967 3321 quo
993 3221 1148 3297 foedera
1174 3221 1286 3292 certis

321 3342 484 3443 Legibus
508 3342 692 3430 instituat,
721 3341 942 3442 dirimatque
969 3341 1162 3416 obstacula
1187 3341 1295 3411 belli.
1445 3350 1518 3426 675

321 3464 392 3536 Hie
420 3463 550 3564 epulae
576 3465 780 3535 instructae
789 3491 801 3556 3
831 3482 942 3562 atque
967 3465 1064 3536 inter
1090 3461 1280 3534 carchesia
1305 3486 1452 3559 inagna,

325 3585 617 3683 Obscoenasque
646 3583 760 3684 dapes
787 3600 825 3655 et
846 3585 969 3656 ferrea
984 3581 1122 3683 poeula
1147 3582 1296 3653 tandem

324 3705 487 3778 Consilio
514 3704 617 3777 ducis
644 3721 679 3775 et
705 3728 921 3804 procerum,
947 3705 1124 3802 jussuque
1150 3702 1332 3776 Amilidae

323 3947 358 3999 V.
370 3950 432 4002 461.
454 3947 568 4000 ciaes
585 3931 617 4011 (a
634 3928 696 4014 χὰω
717 3933 769 3995 vel
790 3936 893 4018 χαίνω)
907 3949 1025 4001 materia
1048 3947 1120 4000 coeii
1138 3948 1163 3998 tt
1196 3950 1287 3996 terrae
1306 3947 1520 4015 confusamque

463 4041 602 4107 informis,
622 4042 730 4105 qualem
748 4044 826 4094 initio
841 4043 933 4093 mundi
951 4042 1035 4092 tuisse
1055 4042 1156 4108 dieunt,
1176 4041 1202 4090 h.
1223 4038 1306 4100 ipro
1324 4041 1424 4092 Inferis
1441 4046 1520 4106 poni-

259 4192 264 4209 *
466 4137 518 4184 tur.
555 4134 633 4184 ovid.
650 4135 726 4184 uass.
748 4139 775 4203 4,
793 4140 855 4190 666.
877 4139 1003 4187 Laetant.
1042 4135 1067 4198 1,
1087 4137 1112 4184 6.

326 4227 361 4276 V.
373 4229 434 4279 tta.
449 4227 627 4291 Erinnys,
650 4211 852 4306 Hqtsrdg'ssb
877 4221 1010 4307 ἐρινύειν
1029 4222 1180 4299 indignari)
1215 4235 1269 4276 uua
1287 4237 1321 4274 ex
1338 4225 1519 4280 infernalibus
1610 4241 1614 4250 ·

467 4329 558 4395 iuriis,
577 4340 659 4390 saepe
676 4336 707 4381 ut
722 4345 820 4383 numen
833 4345 974 4382 commune
993 4329 1110 4382 emnium
1122 4328 1269 4378 Furiarum
1286 4329 1427 4392 accipitur.
1449 4332 1516 4382 Pro-

466 4424 537 4484 pert.
555 4422 581 4485 2,
605 4422 647 4486 16,
671 4424 713 4474 29.
738 4425 814 4490 virg.
839 4427 907 4474 Aen.
923 4425 950 4489 2,
970 4425 1030 4474 337.

326 4515 361 4565 V.
378 4516 440 4568 663.
460 4514 532 4565 Edit.
546 4512 644 4565 Venet.
662 4529 711 4578 pro
730 4521 792 4576 468,
803 4545 830 4558 -
846 4519 898 4568 470
919 4516 983 4565 inei.
1005 4524 1086 4563 unum
1101 4523 1213 4560 versum
1226 4512 1319 4563 itabat:

491 4607 606 4658 Viseudi
620 4611 720 4677 studio,
735 4612 764 4662 in
777 4609 895 4663 mediam
913 4603 1077 4658 descendere
1096 4604 1206 4654 vallem.
