3634 5667
332 578 405 655 ata
737 565 980 636 maun
1028 564 1125 638 viu.

334 766 496 864 Quemve
520 759 645 835 locum
669 758 826 862 speres?
849 758 1023 833 Alvearia
1046 786 1122 832 non
1147 759 1200 832 ita
1225 757 1363 833 densae

332 888 434 957 Intus
459 906 550 982 apes
577 881 733 982 stipant,
758 896 816 953 tot
842 879 994 953 confluit
1018 880 1226 980 agminibus
1252 906 1356 979 gens,
1483 898 1531 967 80
1629 926 1630 953 t

332 1006 475 1078 Cuncta
501 1002 591 1075 illuc
616 1026 847 1103 properans3
872 1001 986 1100 inque
1012 1020 1131 1073 atram
1155 1000 1299 1075 ludicra
1322 1021 1474 1077 noctem

332 1130 444 1199 Forte
469 1123 593 1215 ibunt,
617 1122 851 1221 reditumque
876 1139 975 1196 vetat
996 1125 1054 1197 via
1077 1123 1191 1225 longa
1214 1150 1284 1226 per
1310 1149 1431 1224 agros.

331 1244 441 1318 Haud
466 1242 641 1344 equidem
664 1242 786 1343 pretio
806 1259 911 1316 tanto
935 1242 1062 1343 placet
1087 1262 1212 1345 empta
1237 1243 1418 1345 voluptas.

335 1366 443 1441 Adde
471 1361 573 1463 quod
596 1364 660 1436 ille
686 1389 799 1436 senex
823 1364 898 1434 ciet
920 1363 1045 1464 ignes,
1072 1374 1159 1438 ait'ra
1183 1365 1320 1461 turbat,

331 1489 454 1585 Atque
479 1485 568 1586 polo
593 1484 777 1587 trepidam
802 1481 953 1557 deducit
970 1512 1154 1558 murmure
1179 1486 1324 1559 lunamt
1485 1502 1530 1571 85

335 1610 508 1708 Quasque
533 1605 633 1679 videt
654 1604 797 1706 praedo
823 1621 950 1704 raptas
976 1606 1074 1678 vehit
1099 1632 1165 1678 axe
1190 1606 1349 1720 puellas(

331 1730 511 1828 Egregius
531 1726 674 1819 forma,
700 1743 737 1799 et
762 1726 886 1798 coecis
913 1725 1110 1799 abscondit
1126 1727 1165 1797 in
1192 1727 1322 1805 antris.

331 1848 487 1925 Addidit
509 1866 678 1923 eventum
700 1848 820 1918 Dinae
845 1846 1050 1947 vetitosque
1075 1848 1316 1946 hymenaeos,

333 1973 435 2069 Quos
461 1970 589 2043 similis
615 1967 725 2040 traxit
747 1968 937 2042 muliebris
964 1995 1057 2041 vana
1084 1966 1232 2069 cupido.

333 2094 392 2166 Ne
417 2116 476 2162 me
484 2144 496 2181 ,
521 2089 659 2189 inquit,
684 2088 860 2189 precibus
885 2089 1040 2179 victam,
1065 2112 1114 2159 ne
1139 2086 1297 2181 talibus,
1324 2115 1405 2181 oro,
1484 2108 1532 2177 9ο

335 2210 487 2311 Ohjiee,
512 2228 620 2301 nata,
643 2206 773 2299 malis,
799 2235 896 2308 quae
922 2235 1026 2283 mens
1050 2233 1234 2309 praesaga
1258 2211 1433 2295 minatur.

334 2334 490 2408 Talibus
515 2331 709 2408 ardentem
727 2329 893 2403 lacrimis
919 2330 1098 2403 moritura
1121 2330 1285 2407 tenebat.

333 2453 490 2554 Jamque
516 2455 658 2527 animos
685 2451 794 2525 dictis
818 2450 998 2551 paulatim
1021 2453 1251 2552 incensaque
1276 2451 1392 2527 corda
1480 2543 1483 2545 ς
1519 2507 1522 2513 -

335 2577 522 2651 Mollierat
546 2572 716 2662 blandis,
743 2571 972 2673 melioraque
999 2592 1165 2647 suaserat
1190 2600 1347 2673 aegrae3

336 2699 387 2771 Ni
413 2696 568 2798 supplex
591 2693 735 2793 juvenis
760 2719 918 2794 sponsus
946 2695 1174 2794 comitesque
1199 2695 1347 2796 puellae
1487 2710 1533 2779 95

337 2818 438 2892 Vota
462 2816 754 2888 inflammassent
778 2814 931 2905 iterum,
958 2840 1158 2914 curamque
1181 2815 1369 2890 levassent

338 2936 590 3010 Circumfusae
617 2961 758 3012 omnes.
808 2936 934 3039 Lateri
958 2961 998 3008 se
1025 2936 1099 3010 fida
1123 2939 1291 3036 juventus

338 3057 538 3132 Custodem
563 3055 740 3158 spondett
767 3054 864 3155 Quid
887 3083 982 3129 vana
1005 3058 1173 3159 pericula
1196 3053 1364 3131 terrent?

340 3182 444 3281 Quae
468 3195 505 3250 te
522 3204 680 3276 cumque
697 3177 850 3249 adversa
861 3194 1025 3269 manent,
1052 3196 1089 3251 et
1107 3206 1176 3253 nos
1193 3204 1342 3279 quoque
1358 3194 1533 3278 poscunt.

340 3301 431 3373 Sors
458 3297 591 3372 eadem
616 3298 770 3371 cunctis.
820 3298 886 3371 His
911 3316 1030 3371 mater
1056 3298 1217 3399 denique
1243 3299 1349 3389 ricta,
1462 3310 1533 3380 100

337 3425 459 3521 Aegre
485 3438 676 3519 utcunque
699 3418 845 3507 ferens,
871 3417 1033 3493 mediam
1057 3420 1264 3522 penetravit
1288 3421 1327 3491 in
1351 3418 1488 3493 urbem

339 3541 551 3615 Undantem
575 3540 738 3642 populo,
763 3556 988 3639 gnatamque
1015 3560 1099 3614 ante
1125 3567 1193 3615 ora
1216 3540 1351 3613 locavit

339 3664 458 3736 Multa
480 3664 636 3756 timens3
661 3662 890 3763 propiorque
915 3660 1095 3761 Helymus
1120 3662 1228 3735 trahe
1253 3659 1349 3733 sedit
1375 3684 1513 3732 acerna
1629 3712 1630 3715 ,

234 3787 236 3792 ’
341 3788 516 3860 Armatus
541 3783 663 3874 ferro,
689 3782 887 3856 discrimen
913 3782 952 3854 in
978 3809 1087 3855 omne
1111 3798 1277 3883 paratus,

343 4046 379 4100 V.
399 4049 432 4100 st
450 4048 479 4098 in
496 4048 568 4097 uait.
586 4048 685 4098 Venet.
704 4062 759 4099 nou
774 4046 895 4115 legurm?

345 4138 381 4192 V.
400 4140 444 4219 89.
480 4139 553 4190 Edit.
573 4138 671 4190 Venet.
689 4140 759 4205 legit
776 4144 804 4191 et
821 4140 911 4191 addit:

554 4232 629 4291 Quos
646 4230 732 4282 traxit
749 4232 864 4294 cupidae
882 4229 1023 4281 muliebris
1041 4242 1109 4282 cura
1124 4228 1242 4293 puellae.

552 4308 664 4372 statutt
681 4326 710 4372 et
725 4324 829 4373 ventas
848 4323 948 4372 uvrnn
965 4323 1073 4387 legibus
1091 4328 1166 4374 artes

553 4415 716 4481 Pythonum,
733 4414 858 4478 ludisque
878 4414 959 4464 ueras
976 4416 1087 4465 adstare
1104 4414 1236 4477 profanis.

344 4487 380 4559 t.
398 4508 443 4561 os.
479 4504 713 4560 antro-vennas

556 4598 632 4659 Quae
649 4601 679 4647 te
698 4610 812 4661 cumque
830 4598 949 4648 adversa
965 4601 1084 4664 manent,
1101 4598 1148 4648 vel
1166 4598 1191 4649 si
1207 4598 1270 4647 ruat
1287 4585 1368 4647 axisl

555 4692 610 4740 Aut
626 4690 656 4740 vi
675 4690 791 4742 dissiliat
808 4689 906 4757 tellus,
925 4694 1020 4741 etuas
1038 4702 1145 4755 quoqne
1162 4692 1287 4753 poscunt.
