3634 5667
269 564 380 636 xlv

270 793 499 864 gratulationibus
515 793 645 846 venerari
661 797 692 843 ut
707 795 804 845 Deum.
840 794 918 845 llaec
933 794 1011 846 libris
1028 811 1128 849 novem
1146 803 1286 872 exposita,
1314 818 1382 868 opus
1399 801 1469 860 vero

270 901 429 951 universum
444 909 543 961 poema
559 898 732 965 inscribitur,
749 910 804 948 non
822 911 856 950 eo
873 903 904 948 ut
917 883 995 964 leges
1013 904 1084 964 epici
1104 908 1243 970 sectetur3
1260 909 1310 958 sed
1328 911 1466 962 comico-

270 1004 411 1054 heroicum
428 1006 525 1052 auctor
542 1003 631 1066 magis
647 1003 787 1051 statuebat
813 1014 875 1052 esse
902 1005 1103 1064 appellandum.
1139 1007 1264 1072 Namque
1282 1014 1326 1061 est
1344 1015 1470 1064 consulto

272 1099 452 1169 compositum
469 1106 505 1157 ad
522 1101 583 1169 ejus
600 1104 719 1154 indolem
736 1104 854 1171 gentis,
877 1117 946 1167 quae
976 1107 1095 1158 Galliam
1122 1113 1335 1173 transpadanam
1360 1117 1468 1182 incolit,

271 1214 462 1273 vocanturque
478 1209 616 1258 insubres.
652 1208 748 1271 ltaque
770 1207 799 1256 in
824 1209 948 1277 omuibus
966 1210 1063 1260 miram
1085 1211 1173 1282 refert
1192 1217 1326 1276 quandam
1344 1218 1467 1270 facilita-

269 1316 327 1364 tem
342 1311 475 1377 naturae}
499 1313 529 1360 et
550 1309 618 1360 nihii
639 1323 693 1360 non
717 1313 760 1360 est
776 1310 865 1360 eidem
884 1314 1066 1364 consentiens.
1104 1317 1191 1376 Quam
1218 1319 1253 1368 ob
1279 1331 1337 1370 rem
1366 1323 1401 1371 ad
1419 1336 1469 1374 eos

272 1429 327 1468 nou
343 1419 466 1480 spectat,
499 1415 595 1477 quitus
619 1414 701 1477 paulo
721 1417 765 1465 est
790 1415 917 1465 severior
942 1421 1050 1467 natura.
1088 1421 1124 1468 At
1142 1421 1170 1469 in
1187 1433 1220 1472 eo
1239 1433 1360 1486 genere,
1396 1426 1468 1486 quod

270 1521 372 1572 (leva
388 1517 545 1583 proposuit,
562 1517 631 1566 nihil
648 1518 758 1568 videtur
774 1530 863 1581 aeque
880 1531 962 1580 posse
981 1518 1073 1582 ellici3
1104 1533 1168 1571 uam
1192 1525 1318 1589 copiam,
1345 1527 1469 1577 varieta-

206 1682 210 1688 Δ
269 1626 341 1689 tem,
360 1622 483 1673 ordinem
501 1622 584 1671 habet
600 1621 806 1686 admirabilem
830 1625 888 1671 tum
905 1627 949 1672 est
965 1626 1065 1673 natura
1082 1624 1118 1675 iis
1136 1625 1273 1678 coloribus
1292 1630 1394 1695 oblita,
1423 1631 1470 1695 qui

268 1726 387 1776 maxime
403 1724 529 1786 populari
537 1727 600 1773 sunt
616 1725 769 1776 assensioni
785 1726 995 1790 accommodati,
1014 1729 1042 1774 et
1056 1730 1174 1777 mentem
1192 1735 1305 1791 possunt
1320 1745 1450 1783 recreare
1459 1747 1472 1796 p

268 1840 370 1879 versus
386 1839 455 1877 vero
479 1830 536 1877 tam
559 1827 711 1894 flexibiles,
745 1832 777 1878 ut
800 1828 868 1878 nulli
891 1828 1040 1879 videantur
1065 1842 1126 1880 esse
1154 1833 1242 1896 magis
1276 1834 1305 1883 in
1329 1839 1469 1896 potestate

267 1940 360 1993 posse.
377 1925 412 1988 ὕ)

341 2033 406 2084 Pari
423 2035 504 2084 modo
522 2033 646 2084 Silvas
664 2032 798 2102 coniecit,
827 2037 935 2098 haeque
961 2040 1087 2088 constant
1111 2038 1256 2100 plurimum
1284 2041 1386 2092 fabulis
1404 2055 1467 2103 per-

211 2165 215 2172 ·
269 2138 388 2204 facetis,
407 2139 504 2200 quibus
520 2139 588 2188 nihil
604 2140 696 2200 potest
713 2152 776 2189 esse
794 2140 900 2221 drusius
917 2140 968 2204 iis,
988 2141 1033 2202 qui
1050 2143 1177 2202 poeticae
1194 2156 1247 2196 uon
1260 2151 1323 2196 stunt
1340 2149 1472 2206 expertes·

269 2242 425 2294 suavitatis.
461 2243 505 2292 Ad
535 2244 604 2292 hacc
628 2244 902 2305 philosophiam
935 2244 1064 2293 versibus
1090 2247 1232 2316 exposuit,
1259 2261 1329 2312 quac
1357 2252 1388 2298 ut
1413 2249 1469 2298 iliis

268 2343 436 2408 temporibus
462 2348 564 2398 tradita
588 2347 682 2411 magni
708 2349 751 2396 est
776 2345 914 2397 facienda.
933 2343 986 2406 aar)
1022 2348 1157 2411 Pleraque
1186 2353 1258 2401 enim
1283 2356 1413 2402 versatur
1439 2354 1470 2402 in

270 2451 411 2519 physicis,
437 2455 466 2501 et
482 2452 596 2501 multum
620 2451 721 2500 habent
753 2450 845 2502 locum
871 2450 1075 2502 mathematica.
1112 2453 1167 2502 Sed
1192 2455 1221 2504 in
1245 2457 1390 2506 scribendo
1415 2457 1471 2506 fuit

270 2555 402 2606 celeritas
418 2556 505 2617 mira3
537 2569 587 2605 sex
606 2555 678 2604 enim
699 2555 764 2605 libri
788 2554 927 2604 mensibus
951 2556 1014 2603 sunt
1031 2555 1146 2605 totidem
1164 2557 1303 2618 explicati.
1341 2559 1469 2610 Breviter

269 2661 361 2711 omniu
377 2664 407 2710 et
424 2661 584 2722 perspicue:
603 2660 676 2708 inest
694 2661 777 2710 etiarn
794 2660 877 2708 rebus
896 2660 983 2708 comis
1002 2659 1109 2719 quidam
1128 2662 1256 2728 ornatus,
1276 2664 1468 2712 excursiones-

271 2774 325 2826 que
352 2767 416 2812 sunt
437 2765 661 2813 accommodatae
692 2764 728 2812 ad
751 2762 943 2811 oblectandum
970 2762 1099 2810 animum.
1136 2764 1264 2827 Magnam
1283 2767 1352 2814 haec
1371 2766 1470 2827 oppido
1546 2765 1549 2770 ⁴

271 2868 534 2916 commendationem
557 2867 725 2932 habuerunt,
754 2866 833 2928 eique
861 2865 903 2913 rei
929 2839 1030 2914 indicio
1049 2870 1109 2932 est,
1145 2870 1217 2930 quod
1249 2867 1350 2928 pluries
1377 2868 1471 2916 statim

271 2974 336 3022 silut
345 2970 421 3036 editi,
440 2976 522 3032 atque
534 2970 568 3018 ab
584 2969 719 3033 elegantis
731 2968 835 3032 ingenii
844 2968 907 3016 riro
920 2966 1023 3016 italicis
1035 2969 1134 3017 deinde
1142 2971 1268 3019 versibus
1276 2970 1386 3018 redditi.
1395 2965 1470 3028 aaa)

271 3073 314 3124 Ea
331 3077 443 3135 propter
460 3074 545 3124 etiam
561 3074 634 3146 rire
644 3084 683 3121 as
707 3072 750 3120 est
768 3071 856 3120 dictus
880 3079 982 3132 magna
998 3070 1212 3120 Mediolanensis
1230 3072 1390 3121 academiae
1406 3083 1471 3136 gra-

272 3177 417 3228 tulatione.
453 3177 531 3226 liaeo
549 3176 714 3226 carminibus
733 3176 767 3226 ab
788 3186 821 3223 eo
839 3174 961 3251 tractata
977 3177 1055 3240 sunt,
1075 3173 1218 3236 inquibus
1236 3174 1302 3224 nihil
1321 3178 1364 3223 est
1382 3175 1470 3224 terme
1520 3229 1523 3246 Ι

272 3283 471 3347 praeteritum,
490 3279 562 3344 quod
581 3279 725 3342 quisquam
740 3280 906 3339 aut-poetae
923 3275 1086 3342 convenire,
1106 3280 1155 3326 urit
1172 3278 1208 3326 ad
1224 3277 1321 3339 poesin
1331 3277 1471 3339 pertinere

272 3386 464 3438 arbitraretur.

343 3490 399 3540 Sed
416 3499 496 3552 quam
514 3486 661 3551 diligenter
679 3489 764 3537 totam
785 3480 846 3552 ejus
863 3484 999 3534 rationem
1018 3483 1158 3546 cognitam
1176 3485 1204 3531 et
1221 3485 1351 3544 percepta
1368 3481 1471 3530 habue-

272 3592 311 3644 rit
334 3595 498 3657 praecepta,
534 3592 689 3641 declaravit
711 3591 799 3655 libro,
832 3600 886 3650 quo
911 3585 1066 3650 posteritati
1089 3584 1209 3646 prodidit
1231 3586 1391 3636 memoriam
1409 3584 1473 3634 Le-

273 3696 380 3746 menii
397 3696 473 3745 vitae
486 3697 596 3760 poetae,
616 3674 706 3744 utilia
719 3696 822 3758 aetate,
841 3690 997 3740 clarissimi.
1011 3684 1104 3746 iffi)
1140 3688 1210 3740 Nam
1223 3691 1383 3753 quibusdam
1396 3689 1475 3756 capi-

273 3800 347 3850 tibus
364 3798 509 3861 explicatis
527 3801 671 3866 exposuit,
700 3808 773 3861 quae
796 3795 915 3844 maxime
941 3795 977 3844 ed
1002 3794 1097 3856 poesin
1122 3799 1252 3857 putantur
1275 3795 1401 3856 spectare
1408 3805 1419 3854 3
1443 3795 1473 3841 et

274 4060 309 4124 *l
327 4065 383 4114 Der
399 4062 489 4113 Jesuit
508 4060 605 4132 (iera
631 4074 694 4111 war
720 4062 765 4112 ein
788 4064 857 4112 eben
882 4074 914 4112 so
939 4073 1050 4127 grosser
1074 4056 1295 4120 Mathematiker‚
1324 4059 1366 4108 als
1391 4057 1470 4120 Poet,

328 4138 383 4184 und
399 4137 511 4184 wahren
528 4135 612 4198 Poet,
647 4133 723 4182 nicht
750 4133 809 4182 blos
833 4134 1030 4198 versificator,
1064 4133 1121 4180 wie
1144 4132 1204 4180 sein
1220 4131 1398 4180 lateinisches
1417 4129 1475 4178 Ge-

328 4206 402 4254 dicbt
421 4205 515 4253 Puer
530 4203 638 4252 Jesus
656 4203 684 4252 in
701 4217 773 4256 netur
790 4202 915 4253 liiichern
932 4203 1058 4253 beweist.
1095 4203 1268 4265 Lessing.
1487 4211 1489 4218 ⁴

276 4269 330 4335 ἢ)
348 4276 476 4325 Silvae
501 4275 529 4322 et
554 4274 795 4334 Philosophia
826 4274 1102 4335 novo-antiqua
1138 4273 1184 4321 'lla
1205 4269 1471 4321 GeraeVenetiis

330 4344 537 4396 muccxxxil
567 4345 642 4406 typis
658 4346 756 4393 iterum
776 4357 896 4394 excusae
912 4349 982 4393 sunt.

277 4411 351 4475 W)
378 4415 622 4474 Philosophia
647 4417 927 4477 novo-antiqua
953 4415 998 4463 dal
1022 4425 1104 4462 verso
1122 4411 1208 4462 latino
1227 4410 1242 4461 e
1260 4416 1336 4462 stata
1353 4412 1380 4460 in
1397 4409 1475 4459 versi

330 4487 421 4536 sciolti
457 4485 648 4549 volgarizzata
677 4485 712 4535 da
734 4486 842 4548 Dionlgi
871 4487 982 4534 Andrea
1007 4483 1234 4534 Sancussaui
1266 4483 1411 4546 Mag'ati
1438 4483 1474 4529 da

331 4556 504 4608 Gomacchio.
533 4553 603 4604 Ven.
624 4556 703 4606 1730.
739 4556 958 4605 Dizionario
976 4553 1099 4621 storico,
1129 4555 1265 4615 portatile.
1303 4553 1356 4602 Dal
1373 4553 1476 4616 §ignor

333 4629 420 4676 Abate
438 4628 643 4676 Ledrocat.
680 4627 877 4686 rransportato
894 4627 922 4674 in
940 4623 1066 4674 ltaliauo.
1103 4625 1234 4674 Bassano.
1254 4626 1334 4676 libb.

279 4692 374 4756 iffi]
391 4698 523 4750 Memoria
541 4695 586 4746 del
604 4697 719 4762 signore
738 4695 824 4746 Gonte
842 4698 1049 4746 Francesco
1065 4696 1228 4746 Lemana.
