3634 5667
317 674 491 773 Namque
515 673 609 745 haee
633 670 674 743 in
696 669 805 745 viridi
827 688 960 773 prato3
992 671 1032 745 in
1055 673 1163 761 ¹viridi
1187 697 1337 775 quoque
1362 695 1471 778 prato

316 793 387 867 llla
411 793 563 892 domus3
590 791 717 867 domui
742 793 976 869 contermina
1000 820 1146 869 eremus
1180 796 1342 896 utrique,

318 918 368 987 Et
390 939 538 989 sacrum
561 941 690 989 nemus
717 932 755 989 et
778 912 916 1007 fontes,
941 930 979 987 et
1002 913 1173 1015 plurima,
1201 943 1298 1015 quae
1323 946 1423 993 nuuc

317 1033 427 1105 Haud
451 1060 660 1108 memorare
687 1053 806 1110 vacat.
854 1035 1022 1109 Paradisi
1048 1036 1116 1110 sed
1138 1055 1263 1111 tamen
1294 1040 1437 1132 hortus,

317 1156 469 1228 Divinas
496 1155 609 1229 aedes
635 1184 728 1257 gyro
754 1155 820 1258 qui
844 1157 1024 1257 plurimus
1049 1160 1176 1249 ambit,
1476 1178 1521 1245 75
1625 1216 1626 1255 3

317 1276 566 1365 Pauloaliter
590 1279 745 1377 positus.
798 1278 977 1353 Verbana
1002 1278 1104 1351 haud
1129 1280 1295 1372 discolor
1320 1282 1374 1355 illi

316 1399 454 1488 Insula,
481 1397 530 1470 ad
557 1424 665 1471 eoum
691 1387 1061 1498 qua'formosissima
1089 1401 1208 1473 solem

317 1519 448 1619 Vergit
472 1545 593 1620 opaoa
618 1519 753 1617 cedris,
779 1524 1103 1620 Borromaeosque
1128 1538 1285 1622 penates

315 1642 487 1739 Desuper
511 1659 694 1740 aspectat.
744 1642 901 1714 Multum
926 1640 981 1714 illi
1006 1660 1044 1715 et
1070 1645 1215 1717 Montia
1240 1642 1341 1734 villa,

315 1760 481 1834 Pinifero
508 1788 583 1861 qua
607 1761 872 1837 subterlahitur
896 1763 1032 1837 Addua
1059 1767 1201 1866 Vapr0,
1478 1776 1525 1847 80

316 1880 519 1980 Meltiaque
546 1885 696 1985 aspirat.
749 1888 983 1985 Quamquam
1007 1886 1103 1959 haec
1130 1886 1303 1959 mortalia
1328 1883 1442 1982 longo

318 2007 407 2077 Post
432 2030 472 2075 se
496 2004 690 2080 intervallo
716 2007 861 2106 speeies
886 2006 953 2077 illa
978 2032 1091 2079 aurea
1116 2007 1253 2105 linquit

317 2126 472 2224 Antiqui
496 2125 630 2225 Elysiit
657 2153 731 2226 quo
758 2152 817 2199 me
841 2144 930 2227 post
954 2127 1108 2199 horrida
1136 2127 1237 2200 bella

297 2232 401 2323 xlam
424 2247 564 2320 fessum
589 2247 705 2321 series
729 2272 875 2322 rursum
900 2265 1009 2324 vocat
1034 2248 1166 2322 ordine
1191 2253 1338 2340 rerum}

318 2370 524 2468 invitatque
548 2369 684 2441 chorus
709 2369 842 2443 Divum
864 2370 1139 2470 peregrinaque
1164 2370 1293 2467 Virgo,
1452 2442 1455 2449 ,
1481 2380 1526 2449 85

321 2491 440 2589 Quam
466 2490 571 2577 eaelo
596 2490 780 2565 invectam
804 2476 917 2591 paulo
944 2507 1030 2563 ante
1055 2489 1114 2563 his
1140 2489 1313 2588 liquimus
1345 2488 1453 2563 arvis.

416 2613 496 2683 Hic
513 2611 591 2704 illa,
611 2613 673 2685 hie
698 2613 835 2712 gemini
859 2636 984 2711 prono
1010 2612 1089 2708 jam
1115 2609 1197 2683 sole
1222 2608 1340 2710 puelli

313 2736 425 2805 ‘Tune
451 2732 608 2806 aderant
615 2761 628 2827 3
660 2734 874 2833 pariterque
901 2729 1032 2805 aderat
1054 2730 1278 2811 venerahilis
1305 2754 1397 2805 aevo

317 2853 493 2944 Fervidus
516 2853 581 2936 ille
605 2878 731 2944 senex,
755 2871 883 2953 raptus
907 2853 971 2952 qui
997 2851 1166 2925 curribus
1202 2850 1321 2951 igneis
1391 2898 1393 2903 -

321 2975 480 3047 Sederat
503 2976 560 3047 his
583 2974 772 3074 quondam
797 2971 995 3045 Thesbites
1022 2972 1165 3045 advena
1189 2972 1342 3073 campis.
1482 2988 1526 3057 90

321 3096 397 3170 Olli
423 3097 577 3198 canities
602 3112 728 3169 mento
755 3092 899 3183 diffusa,
919 3076 1064 3192 pruinis

209 454 216 469 ’
319 489 443 571 106x
733 475 975 601 niuea
1024 476 1086 550 vi.

1624 832 1625 873 l

320 3325 356 3377 V.
375 3329 410 3382 td
428 3331 457 3379 et
474 3330 519 3381 18.
536 3330 615 3381 Duae
628 3330 735 3381 insulae
747 3328 955 3380 laousverbani
971 3326 1048 3392 [lego
1061 3327 1227 3395 maggiore),
1247 3326 1322 3379 isola
1337 3328 1412 3377 heila
1422 3330 1449 3377 et
1458 3328 1529 3379 isola

444 3424 551 3494 nadre,
570 3421 706 3473 Comitum
716 3424 946 3472 Borromaeorum
967 3424 1055 3485 eraut,
1080 3420 1125 3481 qui
1146 3414 1206 3483 jam
1226 3420 1338 3471 saeculo
1352 3419 1420 3469 XIV
1444 3422 1531 3471 totum

444 3514 505 3567 fere
521 3518 640 3565 tractum
659 3516 734 3565 cirea
746 3514 837 3565 laeum
850 3514 1009 3564 Verianum
1023 3513 1153 3562 ltabuisse
1171 3512 1307 3579 ierimtur,
1326 3524 1381 3575 qua
1399 3526 1434 3562 ex
1449 3516 1531 3577 gente

427 3610 522 3657 ortus
538 3610 567 3658 8.
587 3608 737 3660 carolus
754 3610 994 3659 Borramaeus
1014 3607 1084 3665 (nat.
1112 3608 1293 3673 1188111011.
1313 3606 1412 3673 1181),
1442 3606 1533 3659 eroti-

446 3700 592 3763 episeopus
608 3702 719 3753 Mediol.
737 3700 855 3751 maxime
871 3698 1010 3748 excelluit.

321 3787 357 3850 V·
376 3792 419 3842 19.
439 3792 585 3846 Montia
604 3798 704 3847 Mouza
721 3798 787 3846 urbs
802 3792 994 3842 adhemarum
1006 3792 1117 3858 numen,
1136 3792 1209 3843 haurd
1220 3790 1315 3853 procui
1331 3802 1349 3839 a
1363 3791 1531 3841 Mediolano.

322 3881 358 3932 V.
378 3885 422 3934 80.
440 3884 492 3935 Va
498 3888 579 3949 prio
598 3888 753 3950 oppidulum
766 3889 801 3937 ad
816 3884 923 3933 Addam
935 3883 1057 3935 invium.
1090 3884 1148 3935 Gir.
1157 3885 1194 3950 V,
1223 3885 1283 3935 ito.

321 3972 358 4025 V.
377 3977 421 4027 81.
438 3978 578 4029 Meltia.
597 3981 722 4031 Meltium
739 3974 847 4043 (Melzi)
867 3974 993 4035 oppidum
1010 3987 1127 4038 parvum
1145 3977 1183 4027 ad
1198 3976 1305 4027 Addam
1325 3973 1447 4023 fluvium.

447 4069 520 4121 Edit.
541 4072 640 4123 Venet.
659 4084 709 4134 pro
732 4080 948 4135 quamquam
966 4067 984 4117 1.
1011 4082 1117 4119 verum.

321 4159 357 4213 V.
376 4161 420 4213 81.
437 4162 511 4213 inter
528 4167 556 4213 et
571 4178 600 4214 v.
618 4165 755 4218 8711111110
773 4162 882 4211 Veneta
902 4161 992 4210 addit:

482 4254 556 4321 Ergo
570 4268 634 4323 age,
651 4268 721 4321 quae
735 4254 837 4307 uostris
851 4253 900 4305 iilo
917 4254 1054 4305 rolatiain
1071 4254 1137 4305 orbe

479 4347 641 4411 Hospitium
659 4349 734 4413 data,
754 4357 878 4410 quaeque
897 4344 984 4395 acidis
1001 4346 1162 4409 spectacula
1176 4356 1274 4395 verum
1297 4340 1299 4350 ⁴

477 4438 615 4507 Exhibita,
628 4442 713 4502 utque
747 4438 820 4491 inter
833 4441 945 4489 sanctos
957 4450 1011 4489 uox
1025 4442 1089 4489 acta
1104 4440 1229 4503 penates,

485 4535 576 4601 Musa,
595 4545 674 4601 eane,
692 4536 721 4584 et
737 4531 820 4583 seclis
832 4541 887 4581 non
900 4533 963 4580 ante
982 4528 1076 4580 audita
1090 4528 1215 4578 revolve.
1231 4554 1233 4558 >

326 4640 361 4692 V.
379 4641 424 4693 88.
443 4639 653 4692 Thesbiten.
672 4635 778 4687 Elias
798 4616 925 4698 (Ἠλίας)
932 4627 1177 4697 prophetaiiiesbe
1187 4630 1314 4687 (Thisbe)
1322 4628 1537 4681 oriunduseeer-

448 4731 535 4782 rimus
558 4730 699 4797 religionis
716 4729 809 4780 avitae
827 4725 966 4778 defensor.
984 4724 998 4776 l
1015 4726 1104 4790 Regg.
1123 4736 1147 4773 e.
1176 4724 1245 4774 17-
1258 4722 1299 4773 111.
