3634 5667
702 455 1045 560 museus.
1429 503 1476 572 u

284 683 404 753 Laeta
422 680 560 759 ferens.
608 681 706 756 Urbs
732 679 894 780 antiquis
920 655 1147 755 circumdata
1170 683 1284 758 muris

284 805 367 873 Ima
390 803 430 873 in
453 801 548 876 valle
572 803 672 902 jacet
678 831 692 900 3
718 827 831 902 quem
854 803 994 902 primus
1021 801 1154 875 dicitur
1176 805 1315 908 hospes
1408 820 1479 908 350

284 922 460 995 Abellam
484 922 620 996 dixisse
645 950 713 998 suo
740 925 786 997 de
811 922 981 1014 nomine,
1007 947 1137 996 caesus
1486 927 1488 932 ’

284 1043 429 1116 Invidia
455 1043 591 1115 fratris.
642 1048 781 1117 Turres
807 1061 845 1116 et
868 1060 969 1116 tecta
995 1042 1189 1118 domorum
1300 1131 1304 1140 f

285 1167 509 1237 Praetexunt
534 1163 669 1235 ederae
696 1182 733 1237 et
755 1165 886 1265 myrti,
913 1189 1133 1263 semperque
1157 1164 1316 1242 virentes
1414 1195 1444 1253 χ

285 1289 461 1357 Intonsae
486 1286 615 1386 pinuS,
642 1285 821 1385 oleaeque
848 1302 1074 1384 aeternaque
1100 1284 1237 1362 laurus.

285 1405 391 1479 Aere
409 1404 476 1476 sed
501 1405 597 1478 tristi
620 1403 682 1475 lux
706 1405 948 1477 intermortua
970 1403 1098 1504 fulget,
1410 1419 1480 1488 555

285 1523 544 1622 Albentesque
569 1524 672 1596 lacus
697 1525 837 1597 circum
860 1526 979 1602 ardua
1002 1523 1152 1596 moenia
1171 1523 1319 1602 lucent:

285 1646 412 1743 Atque
438 1646 557 1718 oculis
583 1663 760 1744 quantum
782 1663 938 1747 pacatus
965 1644 1133 1742 subjacet
1157 1647 1288 1738 amnis,

286 1765 423 1836 A‘e‘riae
446 1765 487 1836 in
510 1765 601 1867 ripis
626 1765 785 1865 platani,
811 1783 924 1864 atque
949 1766 1116 1838 aurantia
1140 1763 1251 1859 mala,

286 1887 545 1984 Egressaeque
571 1886 655 1958 altis
681 1886 815 1985 stirpes
843 1883 1067 1984 arbustaque
1092 1887 1206 1960 muris
1419 1961 1423 1973 ,

274 1996 508 2077 incumbunt
533 2005 692 2104 stagnis,
718 2024 756 2078 et
780 2033 901 2107 opaco
928 2007 1088 2105 tegmine
1113 2005 1337 2081 inumbrant.
1389 2016 1509 2094 640,

196 2127 201 2134 ’
286 2126 374 2224 lpse
398 2125 455 2196 sui
477 2125 517 2196 in
541 2123 685 2198 foribus
710 2123 802 2198 lethi
827 2127 1035 2200 caelaverat
1060 2126 1157 2199 Abel

288 2245 424 2318 Casum
447 2245 646 2322 infelicem.
697 2246 854 2320 Genitor
879 2272 1010 2347 super,
1037 2246 1204 2345 orbaque
1228 2265 1347 2326 mater

285 2369 319 2436 E
346 2391 478 2464 campo
503 2365 673 2454 rediens,
698 2365 812 2464 spicis
838 2383 875 2438 et
899 2393 1045 2440 sesamo
1071 2387 1217 2468 onusta,

286 2484 396 2556 Flere
419 2485 611 2558 videbatur
635 2486 775 2584 juvenis
801 2486 1014 2561 miserabile
1040 2510 1175 2588 eorpus

289 2606 478 2705 Sanguine
492 2624 690 2706 turpatum.
715 2609 818 2679 Mors
830 2606 989 2706 primum
1003 2634 1154 2708 egressa
1165 2605 1234 2683 sub
1248 2634 1356 2684 auras
1409 2619 1479 2698 345

287 2727 444 2798 Miratur
467 2745 600 2817 terras,
627 2753 694 2799 sua
717 2752 851 2824 regnat
877 2728 1021 2826 insigne
1049 2747 1254 2828 cruentum,

286 2851 467 2921 Possesso
492 2847 609 2921 delira
635 2828 724 2949 agro
749 2865 822 2920 stat
847 2872 956 2921 saeva
982 2851 1135 2922 securis.

286 2968 406 3039 Multa
428 2969 468 3040 in
492 2968 672 3043 vestibulo
698 2966 826 3040 dextra
849 2967 1028 3066 laetaque
1054 2973 1206 3048 vetustis

285 3087 490 3160 Ertuderat
513 3089 652 3189 pariter
677 3089 785 3181 saxis,
813 3103 850 3158 et
875 3088 1083 3188 sculpserat
1110 3119 1209 3168 aere.

388 3209 558 3280 Protinus
583 3208 751 3308 impulsis
774 3206 885 3280 valvis
911 3208 1162 3308 bipatentibus
1187 3215 1277 3288 Ales
1410 3230 1480 3300 350

289 3327 426 3400 Coram
450 3329 697 3429 introgressus
722 3346 880 3401 matrum
904 3329 1149 3431 juvenumque
1173 3336 1321 3435 piorum

289 3447 482 3523 concursu
505 3451 545 3520 in
569 3474 705 3549 magno
729 3449 872 3522 medius
898 3453 1020 3562 stetit,
1048 3471 1158 3552 atque
1182 3455 1235 3526 ita
1259 3454 1413 3528 densum
1448 3468 1451 3476 '

287 3569 512 3643 Umbrarum
538 3568 669 3644 affatur
692 3571 831 3671 vulgus,
855 3573 1122 3662 „Laetissimus
1149 3572 1278 3648 adsum

286 3691 495 3786 „Nunoius,
523 3691 755 3766 Abramidae.
806 3693 1082 3793 Quamprimum
1106 3695 1261 3795 innupta
1283 3693 1420 3796 puella,
1509 3744 1512 3754 ι

288 3810 452 3897 „Omina
476 3811 576 3886 laeta
599 3812 737 3905 ferens,
763 3811 883 3886 lorica
906 3815 1059 3912 insignis
1085 3831 1122 3886 et
1145 3816 1264 3908 hasta,
1406 3829 1477 3898 555

288 3932 399 4019 „Huc
423 3932 554 4024 aderit,
579 3935 699 4034 primo
725 3934 871 4008 sublata
894 3935 935 4008 in
959 3933 1051 4010 flore
1075 3936 1256 4036 juventae.

289 4229 325 4280 V.
344 4233 405 4283 880.
423 4231 566 4282 Primus
582 4234 721 4299 hospefis
738 4236 800 4286 soll.
818 4239 931 4306 Abel,
949 4237 1046 4290 Adoni
1063 4235 1143 4287 filius.
1161 4234 1204 4286 Gr.
1224 4237 1291 4287 Gen.
1311 4239 1338 4300 4,
1359 4234 1477 4292 1-16.

428 4324 525 4373 natta.
544 4326 588 4390 as,
607 4329 650 4375 as.

288 4412 324 4462 V.
343 4415 394 4465 345
412 4412 484 4464 inter
501 4418 530 4464 et
548 4419 609 4468 ³46.
625 4417 676 4466 Ed.
692 4417 790 4468 venet.
809 4417 967 4484 interiecit:

428 4505 543 4556 Piniferi
560 4509 631 4559 haud
647 4508 728 4574 longe
744 4514 822 4561 stans
838 4513 895 4563 alto
913 4513 942 4562 in
959 4513 1065 4563 vertice
1083 4511 1183 4565 montis

289 4592 324 4642 V·
344 4597 579 4692 tttqlnnupte
595 4600 721 4662 puella
739 4603 758 4654 i.
778 4613 804 4654 e.
820 4604 954 4656 sonitu.
974 4604 1017 4658 cf.
1036 4607 1095 4658 Lib.
1114 4607 1150 4672 V,
1169 4605 1220 4660 399
1236 4619 1296 4670 sqq.
