3634 5667
653 2182 1089 2280 hector!

764 2372 804 2444 s.
853 2372 893 2441 Ρ.
944 2369 990 2440 o.

324 2622 326 2625 Ι
374 2654 515 2728 Nostra
538 2669 660 2728 aetate
696 2677 810 2751 quum
844 2651 964 2752 magis
988 2649 1182 2749 magisque
1213 2652 1373 2728 studium
1396 2657 1480 2735 lati·

257 2821 411 2869 norum
434 2810 649 2896 poetarum,
684 2791 748 2892 qui
777 2794 997 2868 recentioris
1022 2809 1107 2867 sunt
1130 2795 1330 2896 temporis,
1353 2825 1478 2878 resus-

280 2938 413 3010 citetur
446 2963 535 3010 nec¹
558 2962 637 3008 non
681 2934 869 3022 recolatur
877 2987 890 3026 ,
931 2960 955 3008 a
984 2934 1093 3026 viris,
1132 2935 1197 3036 qui
1229 2937 1269 3010 in
1301 2942 1478 3018 Veterum

277 3078 521 3182 scriptoribus
554 3069 759 3152 tractandis
791 3094 829 3150 et
846 3059 1162 3178 interpretandis,
1204 3097 1316 3181 atque
1346 3085 1386 3158 in
1417 3088 1475 3189 ju.

276 3237 425 3292 ventute
465 3221 656 3294 literarum
703 3218 870 3293 studiosa
917 3219 1142 3292 instituenda
1185 3245 1473 3322 consenuerunt,

276 3362 455 3435 admoniti
495 3363 647 3436 Getae
686 3362 977 3463 pulcherrimum
1021 3361 1267 3462 omnibusque
1308 3373 1470 3447 numeris

276 3504 486 3580 absolutum
508 3530 646 3605 poema
670 3505 834 3594 „Jesus
858 3506 1016 3590 Puer“,
1044 3501 1146 3600 quod
1169 3504 1209 3575 in
1234 3507 1470 3606 librariorum

274 3646 439 3719 tabernis
461 3661 633 3747 prostare
659 3645 788 3736 desiit,
814 3643 861 3716 de
886 3644 1032 3744 integro
1057 3645 1156 3746 typis
1183 3646 1468 3728 describendum

273 3806 310 3861 et
335 3805 513 3888 quantum
536 3788 617 3862 fieri
639 3790 778 3890 potuit,
805 3785 1077 3861 emendandum
1095 3789 1320 3890 curavimus.¹
1362 3792 1467 3894 Quae
1512 3861 1514 3864 .

269 3955 331 4002 res
357 3930 486 4021 nobis,
531 3930 597 4032 qni
629 3957 707 4005 non
739 3931 859 4004 solum
891 3946 1055 4002 veterum
1085 3948 1298 4029 poetarum,
1337 3959 1463 4008 vorum
1506 3981 1508 3989 ι

271 4073 381 4146 etiam
405 4074 655 4148 recentiorum
675 4073 797 4149 studio
829 4074 1016 4173 jamenta
1044 4070 1342 4164 delectabamur,
1377 4101 1461 4174 gra.

265 4216 408 4290 tissima
429 4215 552 4307 venit,
588 4217 891 4320 provinciamque
922 4213 1183 4287 demandatam
1205 4214 1461 4292 lubentissimo

266 4357 389 4432 animo
424 4313 667 4462 adseepimus.
717 4362 836 4462 Quam
867 4358 918 4433 ob
953 4383 1034 4431 rem
1071 4374 1248 4456 qnantum
1280 4359 1483 4461 temporis,

262 4525 396 4586 munus
417 4501 627 4603 publicum,
653 4528 728 4604 qno
752 4501 958 4604 fungimur,
983 4498 1166 4600 reliquum
1180 4471 1288 4592 fecit,
1313 4528 1456 4576 summa

261 4644 447 4747 voluptate
472 4647 619 4724 Gerae
643 4645 927 4749 impertivimus,
951 4643 1017 4745 qui
1030 4631 1268 4720 'eruditorum
1292 4644 1452 4720 uirorum
