3634 5667
698 572 1044 648 LIBERVII.
1421 586 1491 657 125

292 781 343 851 Et
356 799 483 851 rorem
505 772 711 864 interdum,
738 789 801 845 aut
824 770 958 872 liquidi
979 770 1134 870 uestigia
1155 768 1236 849 rivi.

292 900 406 971 Nunc
431 913 554 969 autem
576 896 671 968 haec
696 894 820 967 auimo
843 892 1016 993 relegens
1039 888 1148 965 simul
1172 890 1297 963 omnia
1320 914 1469 963 mecum

294 1018 395 1119 Quid
420 1036 598 1109 statuam,
623 1016 765 1106 fateor,
791 1041 909 1088 coeca
932 1032 1036 1090 vetor
1060 1012 1183 1085 obsita
1206 1018 1338 1084 nocte'z
1421 1024 1495 1093 100

294 1138 451 1211 Somnia
476 1164 591 1211 cerno
615 1136 722 1236 vigil,
753 1137 856 1209 miris
881 1136 985 1209 feror
1010 1134 1119 1211 anxia
1143 1132 1329 1206 monstris.

295 1258 406 1359 Quod
429 1276 468 1333 te
491 1283 562 1359 per
587 1284 761 1365 superoa,
784 1283 853 1358 per
876 1257 1003 1356 magni
1026 1257 1174 1327 Numen
1200 1251 1362 1354 Olympi,

292 1384 441 1480 Perque
467 1398 570 1451 tuum
593 1382 693 1451 huno
711 1380 850 1469 Solem,
876 1377 992 1451 semel
1016 1380 1112 1451 haec
1136 1375 1314 1477 perplexa
1336 1373 1495 1471 resolve,-

292 1501 420 1599 Atque
441 1525 579 1573 arcana
603 1498 713 1575 doce.
763 1499 850 1572 Tibi
872 1498 949 1569 fida
974 1497 1121 1571 silentia
1147 1498 1249 1597 juro:

293 1622 367 1692 Hic
393 1620 500 1693 citius
524 1620 649 1721 paries
676 1621 874 1693 commissa
898 1645 1038 1693 arcana
1062 1620 1250 1719 loquetur,
1363 1630 1366 1637 '
1423 1628 1498 1699 10⁵,

294 1742 416 1840 Quam
439 1759 605 1835 retegam
629 1740 842 1842 quidquam.
891 1742 958 1815 His
985 1739 1092 1814 dictis
1107 1737 1357 1839 pulcherrima
1379 1736 1498 1837 Virgo

295 1862 412 1961 (Nam
436 1888 511 1961 quo
536 1888 615 1934 rem
638 1859 811 1961 tegeret?
839 1886 913 1959 quo
940 1886 980 1933 se
1006 1875 1239 1935 converteret
1264 1856 1439 1961 anceps?
1473 1876 1476 1887 '

296 1982 439 2081 Quidve
465 1980 565 2055 aliud
589 1978 784 2082 poterat?)
810 1980 893 2057 velo
920 2006 1002 2053 sese
1027 1982 1092 2054 illa
1116 1970 1265 2055 ruboris

293 2103 465 2202 Virginei
486 2119 605 2175 totam
630 2102 817 2204 deprensa
839 2103 879 2173 iu
903 2102 987 2173 luce
1016 2101 1180 2201 tegebat,

292 2226 485 2323 Purpureo
512 2222 640 2294 similis
664 2248 803 2323 panno,
828 2222 1032 2321 similisque
1056 2223 1233 2297 Damasci
1305 2272 1307 2277 -
1388 2232 1394 2265 ⁸
1423 2234 1496 2302 110

295 2342 505 2416 Coccinene
530 2341 738 2415 rubicunda
760 2368 883 2419 rosae.
934 2343 1022 2415 Tibi
1047 2344 1143 2443 fingo
1166 2359 1353 2417 retentum

293 2462 428 2535 hbris
453 2464 525 2535 iter
548 2462 651 2535 fluidi
671 2489 836 2563 puerum,
862 2488 975 2563 quem
998 2464 1109 2536 turha
1134 2479 1289 2538 coercet

293 2588 385 2656 Post
408 2582 570 2683 pluviam
593 2584 800 2682 ingentem:
828 2585 881 2657 sic
906 2583 974 2656 illa
999 2585 1098 2656 exire
1126 2584 1286 2675 laborat,

294 2704 362 2776 Sic
387 2729 626 2803 quascunque
650 2721 776 2804 potest
797 2723 925 2806 partes
951 2730 992 2777 se
1016 2724 1168 2805 torquet
1190 2708 1231 2781 in
1256 2726 1397 2795 omnes,

294 2824 361 2897 Sic
388 2822 507 2897 aditus
532 2850 660 2899 omncs
686 2828 844 2924 quaerit.
894 2828 1087 2925 Perpauca
1111 2828 1271 2927 roganti,
1293 2896 1295 2908 ‚
1422 2835 1498 2908 lli·

291 2944 344 3017 Ut
370 2943 504 3037 decuit,
529 2971 713 3046 responsa
738 2945 873 3019 dahat=
899 2971 982 3035 eum
1008 2948 1164 3048 pulcher
1187 2950 1297 3024 Jesuo

293 3217 331 3271 V.
356 3220 400 3273 98.
418 3219 491 3271 Edit.
510 3218 611 3272 venet.
631 3217 721 3271 addite

460 3313 530 3374 Quid
547 3304 646 3376 purat
671 3310 732 3363 linc
750 3313 834 3365 etiam
851 3318 1019 3369 memorant:
1037 3318 1069 3370 ln
1084 3315 1197 3371 lomim
1214 3315 1271 3371 illia

461 3406 492 3454 si
509 3406 570 3467 quis
589 3404 708 3465 captarit
724 3416 836 3457 somnos
853 3408 960 3469 sopitus
978 3409 1007 3459 in
1024 3412 1122 3477 herba,

461 3493 596 3546 Continuo
613 3495 763 3546 simulacra
779 3498 857 3547 videt
875 3498 1010 3549 coelestia
1027 3502 1105 3551 miris

460 3589 532 3638 Ante
550 3584 645 3636 oculos
663 3582 775 3651 objecta
791 3590 879 3640 modia
896 3601 1053 3654 arcanaque
1071 3592 1182 3643 Divum.

459 3678 521 3730 lloo
537 3678 602 3728 mili
618 3679 744 3729 narravit
761 3682 868 3750 Berot,
887 3695 958 3748 quae
975 3684 1078 3735 lumina
1094 3687 1239 3748 postquam

460 3768 623 3837 maluerat,
641 3774 724 3834 atque
740 3771 799 3823 illio
815 3774 966 3837 paullisper
983 3774 1060 3827 iussa
1078 3777 1196 3843 quierat,

458 3861 537 3912 Vidit
553 3866 585 3913 ut
601 3863 760 3916 innumerae
776 3864 806 3917 in
823 3867 926 3917 romnis
942 3867 1025 3933 longo
1043 3868 1138 3917 ordina
1156 3866 1257 3936 gentis,

459 3954 652 4019 negantque
669 3957 771 4023 duces,
790 3960 908 4024 matres,
927 3960 1005 4020 pueri
1023 3961 1105 4021 atque
1123 3958 1234 4021 puellae

459 4048 530 4096 Ante
548 4048 691 4097 lavacrum
707 4048 807 4113 ingena
822 4052 1008 4111 properabant
1025 4052 1118 4102 tabida
1135 4051 1232 4101 morbo

462 4136 587 4199 corpora
604 4140 731 4190 certatim
749 4139 838 4191 saorla
855 4143 1016 4207 abstergere
1034 4142 1162 4205 lymphis.

458 4227 536 4278 Vidit
552 4233 581 4278 et
597 4231 753 4293 impositam
769 4234 926 4295 praeruptis
941 4236 1077 4285 montibus
1096 4246 1203 4301 arcem,

460 4320 548 4379 onam
565 4320 724 4388 ferrugineo
743 4325 846 4376 circum
862 4324 933 4375 tecti·
950 4336 1016 4375 aera
1035 4326 1161 4391 gigantea

460 4410 627 4477 terrigenae
646 4416 745 4467 mati
763 4417 868 4470 trustra
885 4416 1027 4469 obsidione
1044 4418 1218 4483 premebant,

457 4502 665 4570 Necquicqunm
684 4510 713 4557 et
730 4513 827 4560 contra
844 4510 1009 4559 reserabant
1026 4512 1132 4559 tartare
1149 4510 1260 4570 portas3

458 4595 599 4659 Multaque
616 4602 763 4658 praeterea
780 4600 921 4651 variarum
938 4601 1095 4665 aenigmata
1111 4612 1213 4664 rorum,

459 4685 536 4745 Quae
553 4701 630 4740 mem
648 4690 760 4756 (quippe
778 4692 873 4744 audita
891 4692 970 4752 olim)
989 4692 1148 4745 meminisse
1164 4691 1287 4763 laborat,

1550 1296 1558 1339 i
